3240 5224
717 281 949 348 —258—

520 465 591 528 359.
633 461 687 530 De
707 468 816 532 sauata
837 465 960 534 Iouuue
980 462 1143 546 Baptista.

209 602 236 662 1.
256 593 448 662 Helisabeth
462 593 635 662 Zachariae
880 604 909 665 7.
931 597 1189 680 Contemplemur
1204 615 1314 664 omnes
1327 597 1435 678 istum,

255 679 410 760 Magnum
423 679 526 745 virum
541 679 574 745 in
589 680 649 746 hac
663 681 716 748 die
929 681 1030 760 Quem
1045 683 1197 764 sperabat
1211 683 1309 749 turba
1323 683 1488 750 Christum

256 763 404 830 Gloriosa
418 763 539 845 genuit,
928 766 1304 849 Stupensadprodigiu:

257 847 319 926 Qui
332 849 489 914 virtutum
505 866 561 914 vas
576 848 736 916 sincerum
929 851 991 928 Qui
1006 850 1160 915 cervicem
1175 867 1238 916 non
1252 851 1364 930 erexit,

256 932 345 997 Inter
359 935 453 997 natos
467 932 637 998 muliamm
928 935 996 1000 Nec
1010 951 1044 999 se
1059 933 1191 1015 dignum
1205 935 1366 1001 intellexit

256 1015 476 1097 Principatum
490 1017 604 1081 tenuit.
928 1016 1219 1096 Dominicorrigia.

209 1100 238 1162 2.
256 1099 406 1166 Nondum
422 1105 533 1166 natum
551 1099 651 1166 sensit
664 1119 772 1183 regem
880 1105 910 1168 8.
927 1102 956 1167 A
971 1120 1030 1167 sua
1044 1107 1187 1184 tempore

257 1181 464 1250 Nasciturum
478 1185 568 1250 iuxta
581 1183 685 1265 legem
928 1187 1044 1252 Divino
1062 1203 1193 1250 munere

257 1267 552 1344 Sinevirisemine
929 1269 1061 1336 coelum
1075 1269 1139 1333 vim
1153 1269 1276 1350 patitur

256 1353 360 1417 Deum
376 1352 478 1417 sensit
491 1353 525 1418 in
539 1351 598 1416 hae
614 1349 666 1417 die
930 1354 974 1420 Iu
987 1353 1158 1419 violentiae

257 1436 423 1518 Tanquam
438 1436 585 1502 nucleum
602 1435 635 1500 in
651 1453 731 1502 nuce
930 1437 1009 1503 Cum
1029 1436 1246 1521 poenitentiae

257 1519 621 1600 Condituminvirgine.
929 1523 1067 1587 Fructus
1083 1519 1278 1600 conceditur,

209 1605 237 1665 3.
257 1605 284 1672 Ο
300 1621 395 1686 quam
409 1603 511 1669 bonus
529 1619 609 1684 puer
623 1607 730 1678 natus,
929 1605 1038 1672 Gratis
1054 1623 1118 1670 non
1131 1603 1255 1670 merito.

256 1687 526 1754 Incamatinobis
542 1687 638 1753 datus
880 1687 910 1750 9.
930 1687 1031 1767 Quem
1046 1697 1137 1754 vates
1152 1687 1251 1753 ceteri

257 1773 355 1846 Verbi
369 1789 430 1837 vax
445 1777 478 1838 et
492 1770 635 1838 baiulus!
929 1773 994 1840 Sub
1010 1771 1198 1854 legereteri

208 1853 239 1920 4.
259 1857 331 1924 Nan
367 1855 509 1922 raecedit
523 1852 780 1938 duernionem,
929 1858 1057 1924 canunt
1069 1857 1103 1922 in
1117 1855 1268 1935 tenebris,

258 1939 322 2007 Sed
336 1875 395 2006 ffas
408 1939 548 2006 fructum
569 1940 660 2004 iuxta
681 1958 812 2022 maram,
927 1943 966 2007 In
980 1959 1075 2007 carne
1090 1940 1263 2016 deminum,

255 2025 335 2106 Agri
349 2024 435 2106 pleni
450 2023 531 2090 dens
545 2024 675 2090 odorem
927 2025 1055 2108 Figuris
1070 2024 1251 2102 terminum,

255 2109 416 2174 Mentibus
430 2107 586 2173 fidelium:
928 2108 1091 2192 Propheta
1106 2107 1241 2174 celebris

257 2191 351 2257 Viam
365 2195 460 2274 parat
474 2197 508 2257 et
522 2190 672 2270 ostendit,
929 2192 1081 2261 Ostendit
1095 2192 1206 2272 digito.

254 2273 319 2342 Ubi
333 2273 447 2357 pedem
460 2293 525 2341 nan
540 2273 681 2354 offendit,
861 2275 952 2344 ldo
973 2295 1070 2359 quam
1092 2281 1246 2355 sanatum,
1273 2290 1370 2356 quam
1391 2289 1485 2356 prae·

115 2386 118 2392 ·
255 2357 318 2437 Qui
332 2376 390 2441 per
404 2357 500 2424 fidem
515 2357 754 2442 comprehendit
977 2361 1108 2440 clarum,

257 2443 378 2508 Verum
393 2441 577 2509 Deifilium.
928 2445 990 2523 Qui
1004 2443 1179 2510 viventium
1194 2459 1350 2524 aquarum

208 2519 236 2592 5.
256 2527 343 2610 Lege
357 2526 444 2593 vitae
458 2529 519 2594 sub
535 2530 672 2610 angusta
927 2530 1061 2595 Fontem
1077 2527 1239 2593 Christum
1254 2523 1434 2607 baptizavit

254 2611 707 2678 Melsiluestrecumlocusta
928 2613 971 2678 Et
984 2613 1144 2678 lavantem
1160 2613 1274 2677 cunata
1288 2608 1368 2676 lavit

255 2695 370 2762 Oibum
384 2713 448 2762 nau
462 2695 640 2762 abhorruit.
927 2697 966 2763 In
980 2696 1126 2764 Iardanis
1141 2694 1286 2760 flumine:

256 2779 458 2846 camelorum
472 2784 577 2845 tectus
591 2779 667 2862 pilis
927 2782 976 2848 Ab
992 2779 1142 2846 offensis.
1159 2829 1166 2844 .
1183 2829 1190 2844 .
1206 2778 1341 2857 Christe,

254 2863 433 2930 Indeserta
449 2864 661 2944 quamexilis
928 2864 1150 2931 Praecursoris
1166 2869 1199 2930 et
1213 2861 1376 2944 baptistae

257 2945 359 3024 Quam
375 2949 477 3014 bonus
491 2945 654 3030 apparuit!
927 2949 1085 3016 Natalitie
1102 2948 1242 3014 calentes

207 3024 237 3096 6.
256 3031 697 3113 verbasuntevangelistee
927 3033 971 3099 Et
985 3031 1101 3100 eraudi
1115 3051 1173 3098 nos
1187 3033 1353 3113 gementes
1612 3029 1613 3104 t

254 3114 324 3182 Lux
339 3133 402 3181 nan
417 3121 497 3194 erat,
511 3115 624 3197 inquit,
639 3115 711 3196 iste,
928 3118 965 3184 In
979 3117 1040 3182 hac
1054 3115 1235 3182 solitudine.
1610 3113 1612 3190 i

256 3197 321 3265 Sed
335 3203 372 3266 ut
387 3199 479 3266 daret
492 3199 562 3280 tibi,
575 3198 712 3279 Christe,
860 3193 909 3266 ll.
924 3201 1003 3267 Post
1019 3205 1163 3266 arentem
1178 3205 1211 3266 et
1225 3196 1400 3266 australem

253 3283 597 3364 Lucistestimanium3
928 3285 1061 3352 Terram
1076 3285 1202 3351 animae
1217 3281 1355 3350 doulam
1607 3317 1609 3384 4

253 3368 324 3434 Lux
338 3387 402 3434 non
416 3373 496 3448 erat,
514 3369 572 3435 sed
586 3367 726 3449 lucerna
931 3369 1076 3435 Petimus
1090 3370 1254 3450 irriguam,

252 3452 438 3519 Monstrans
451 3453 515 3519 iter
529 3451 571 3520 ad
585 3469 734 3534 superna,
928 3451 974 3520 Ut
988 3452 1168 3536 manipulos
1182 3454 1349 3534 portantes

254 3535 379 3614 Quibus
395 3554 487 3603 snum
502 3555 565 3619 pax
581 3543 713 3602 aeterna
926 3537 1101 3604 Veniamus
1116 3537 1298 3602 exultantes

252 3620 604 3702 Pollireturgaudium.
928 3621 1044 3688 Pacem
1059 3621 1100 3687 ad
1115 3625 1312 3704 perpetuam.

255 3743 281 3782 a.
300 3726 395 3783 Taat.
431 3727 516 3783 Mane
533 3727 586 3784 Na.
605 3728 658 3783 658
677 3727 713 3798 (8,
736 3729 790 3796 52.)
810 3743 877 3783 aaa:
894 3727 948 3785 Ha.
973 3745 1012 3785 au
1032 3727 1154 3800 Venetia
1171 3729 1260 3786 Clusa.
1278 3725 1327 3781 IX.
1345 3723 1405 3780 aad.
1425 3724 1485 3778 145.

183 3801 226 3854 14.
246 3797 347 3855 Jauru.
365 3799 418 3854 mit
436 3800 486 3854 dar
503 3797 696 3870 Bauertuuu:
714 3799 832 3854 ecelesia
849 3801 925 3855 canit
943 3801 1015 3856 hana
1033 3801 1206 3870 sequentiam
1224 3799 1279 3870 (A).
1299 3826 1332 3840 -
1352 3795 1414 3850 Aua
1424 3793 1486 3849 m

183 3869 262 3928 Mina.
281 3871 448 3928 Maneaterii
464 3871 668 3927 Athanatensis
688 3873 755 3926 1531
775 3869 857 3927 thevit
875 3871 965 3933 Morel
981 3871 1010 3927 S.
1022 3875 1083 3928 145.
1102 3873 1191 3942 anae
1203 3871 1361 3927 Variaateu
1369 3867 1421 3922 mit
1434 3864 1486 3936 (B).

254 3959 281 4014 b.
299 3957 483 4015 Leaartau.
519 3963 546 4026 2,
566 3964 590 4015 1.
609 3957 740 4015 Nuntium
758 3975 785 4014 n.
811 3972 897 4014 senex
915 3957 968 4014 Ha.
986 3965 1069 4016 natus
1087 3959 1118 4014 B.
1138 3990 1170 4001 -
1195 3963 1222 4028 2,
1240 3961 1266 4014 4.
1285 3957 1319 4013 D.
1338 3969 1432 4014 senex.
1450 3982 1486 3994 -

183 4027 246 4085 Dar
264 4027 348 4085 Baim
365 4031 492 4102 vatnam
510 4030 572 4086 lnce
590 4037 662 4086 atatt
679 4029 730 4086 die.
756 4055 791 4071 -
815 4033 840 4098 3,
862 4033 885 4084 1.
906 4029 994 4099 Quam
1011 4031 1110 4087 beatus
1128 4047 1199 4102 puer
1218 4037 1309 4100 natus,
1335 4025 1487 4108 saluatoris

182 4100 366 4242 gfflgassd.
403 4131 437 4144 -
473 4105 500 4174 3,
518 4105 544 4158 2.
564 4102 623 4160 dati
640 4101 695 4158 Ha.
730 4131 765 4142 -
801 4101 1073 4172 anabudana.
1109 4131 1143 4144 ·-
1179 4107 1206 4170 6,
1224 4105 1249 4158 4.
1268 4105 1294 4157 8.
1318 4100 1486 4155 tastimama.

503 4307 593 4428 260.
635 4363 687 4430 De
707 4370 816 4432 sauata
838 4363 960 4430 Ioaaae
979 4360 1144 4444 Baptista.

207 4483 235 4544 1.
254 4475 703 4559 Praecursoriaetbaptistae
926 4476 1012 4542 Vera
1027 4475 1078 4540 die
1092 4475 1156 4541 iam
1172 4475 1305 4556 diescat,

255 4560 669 4629 Diemistumaharusiste
927 4559 973 4626 Ut
987 4561 1021 4626 in
1035 4561 1153 4626 nostris
1168 4560 1328 4627 elucescat

253 4645 613 4714 Venereturlauuibns:
925 4647 1028 4714 Verus
1044 4641 1297 4712 diesmentibus.
