3218 5234
730 245 959 307 -104—

188 427 216 488 2.
239 419 300 500 Qui
314 421 425 503 paucis
439 425 608 504 postquam
623 430 807 490 surrexerat
820 425 888 508 ipse
904 425 1016 490 diebus

240 588 261 654 S
283 504 423 653 lPectora
439 506 638 588 confirmans,
655 507 826 590 discipulos
842 509 969 587 solidas.

264 607 343 668 ave,
360 594 420 654 otc.

187 678 217 739 3.
239 675 345 754 Atque
360 679 553 756 potestatem
568 675 697 740 laxandi
712 676 843 741 crlruino
858 681 1036 758 praestans,

287 757 466 838 Discipulos
481 759 602 841 puriter
617 777 710 840 posse
725 758 825 840 ligare
842 760 938 826 dedit.

240 839 342 918 Salve,
358 847 417 906 etc.

186 931 216 990 4.
238 927 286 990 lte
299 943 404 990 meum
420 943 533 998 nornen
549 945 606 1008 per
620 931 724 992 totum
740 925 887 1008 gentibus
904 925 1021 1008 orbern,

286 1009 389 1075 Dicite
405 1010 609 1077 credentibus
625 1009 789 1076 notificare
805 1011 915 1076 Deurn.

238 1091 343 1171 Salve,
359 1101 420 1159 etc.

187 1181 215 1240 5.
237 1177 280 1241 Et
294 1177 349 1258 qui
363 1176 546 1255 crediderit,
562 1183 595 1243 et
610 1197 702 1260 quem
717 1177 920 1258 baptismatis
936 1177 1023 1244 unda

238 1343 259 1408 S
281 1259 429 1408 lTinrerit
441 1262 474 1326 11
490 1259 609 1327 Christi
624 1263 759 1342 nornine,
775 1261 882 1327 salvus
897 1262 967 1326 erit.

262 1362 281 1408 1
294 1363 341 1424 ve,
357 1351 416 1411 etc.

187 1437 215 1496 6.
239 1427 340 1506 Quem
354 1430 480 1493 mittam
494 1429 593 1510 vobis,
610 1449 665 1494 vos
680 1429 813 1511 spiritus
827 1429 882 1494 illc
898 1428 1025 1496 docebit

285 1513 323 1577 ln
338 1513 456 1594 linguis
471 1513 568 1578 variis
583 1514 689 1578 omnia
704 1531 797 1594 posse
811 1513 906 1595 loqui.

242 1595 345 1673 Salve,
361 1601 420 1664 etc.

186 1684 213 1742 7.
237 1678 316 1744 Post
331 1681 487 1746 modicum
503 1681 609 1746 veniet
624 1681 677 1762 qui
694 1681 840 1762 suggerit
854 1681 959 1745 ornnia
974 1681 1074 1760 vobis,

284 1764 328 1829 Et
341 1765 469 1830 visurus
485 1785 557 1830 curn
573 1765 654 1830 vado
670 1783 783 1847 parare
798 1766 912 1830 locurn.

238 1845 340 1928 Salve,
357 1854 418 1915 etc.

184 1935 214 1996 8.
236 1931 306 1999 Hoc
322 1951 392 1998 cum
408 1932 543 1998 dixisset
557 1933 678 1998 cunctis
693 1933 896 1999 cernentibus
910 1931 1002 1998 illurn

284 2017 393 2083 Nubes
410 2017 559 2100 suscepit,
575 2016 650 2081 dum
666 2035 762 2098 super
777 2021 864 2083 astra
879 2023 974 2082 meat.

238 2097 342 2181 Salve,
359 2109 418 2168 etc.

254 2241 280 2280 a.
301 2225 395 2282 Teuc.
432 2225 533 2282 Daniel
552 2225 587 2296 II,
608 2229 657 2280 181
678 2240 712 2280 ex
731 2225 934 2282 Proceraionali
952 2225 1124 2282 Eboracensi
1142 2224 1253 2297 (Hymni
1271 2225 1416 2282 Ecclesiae
1436 2229 1492 2281 etc.

186 2294 264 2350 Tora.
282 2296 303 2350 I.
323 2297 407 2353 Proll.
427 2313 454 2366 p.
474 2297 545 2366 XV).

255 2386 282 2440 b.
301 2385 482 2441 Lcacrtea.
519 2390 545 2455 4,
564 2391 580 2442 2
600 2386 640 2441 111
657 2386 782 2442 11111111
801 2385 937 2441 1111111.

261 2469 459 2526 13111111.
495 2470 524 2527 S.
541 2469 598 2526 No.
617 2474 678 2526 134.
698 2475 759 2527 161.
778 2475 841 2527 876.

579 2737 647 2799 118.
691 2733 734 2799 In
755 2729 1100 2800 111111111111111111.

194 2873 221 2933 1.
248 2861 364 2936 Omnes
378 2867 489 2945 gentes
502 2865 656 2950 plaudite,
863 2872 893 2932 4.
918 2865 1004 2930 Dum
1018 2863 1106 2930 Elias
1120 2863 1313 2943 sublevatur,
1360 2899 1363 2906 ·

247 2948 363 3014 Festos
379 2948 491 3013 choros
507 2950 613 3016 ducite
919 2949 1046 3014 Elisaeo
1062 2948 1178 3031 duplex
1193 2947 1289 3016 datur

248 3031 376 3099 Christo
391 3031 623 3116 triumphante:
920 3033 1060 3116 Spiritus
1075 3037 1109 3096 et
1122 3032 1270 3114 pallium:

248 3115 347 3181 Redit
360 3134 432 3180 cum
447 3119 590 3197 victoria,
920 3117 995 3182 Alta
1010 3115 1156 3182 Christus
1172 3117 1247 3181 durn
1263 3111 1453 3195 conscendit,

250 3199 353 3283 Capta
369 3201 487 3268 ducens
503 3201 606 3284 spolia
920 3199 1028 3266 Servis
1043 3200 1111 3266 suis
1125 3217 1216 3265 mnas
1231 3198 1385 3282 appendit

249 3282 519 3351 Tubaiubilante.
922 3283 1107 3350 Gratiarum
1122 3283 1273 3349 omnium.

195 3455 223 3516 2.
250 3452 369 3534 Papael
394 3468 489 3534 quam
504 3451 705 3532 magnificum
866 3455 894 3516 5.
920 3451 1051 3516 Transit
1065 3450 1161 3517 Iacob
1177 3450 1261 3516 hunc
1275 3448 1443 3516 Iordanem

250 3535 354 3602 Hodie
370 3535 561 3602 dominicum
921 3535 1055 3600 Luctum
1070 3551 1184 3615 gerens
1198 3553 1262 3601 non
1276 3535 1412 3615 inanem,

251 3618 390 3702 Germen
408 3619 578 3700 gloriaturi
923 3618 1032 3684 Crucis
1048 3635 1123 3684 usus
1137 3617 1266 3685 baculo:

250 3701 367 3768 Terrae
383 3701 508 3768 fructus
523 3701 617 3768 hodie
921 3703 1020 3768 Redit
1032 3701 1146 3768 turmis
1162 3720 1233 3769 curn
1249 3703 1374 3770 duabus

251 3785 355 3869 Super
368 3786 500 3852 thronos
515 3785 622 3850 curiae
923 3787 1054 3868 Angelis
1068 3791 1102 3852 et
1116 3786 1294 3868 animabus,

253 3869 340 3936 Coeli
356 3871 557 3937 sublimatur.
922 3871 965 3936 Et
979 3871 1120 3937 thesauri
1135 3871 1271 3936 sacculo.

198 4042 227 4103 3.
252 4033 358 4103 Intrat
372 4035 611 4104 tabernaculum
869 4041 897 4102 6.
925 4035 987 4102 Hic
1002 4040 1051 4102 est
1065 4037 1169 4119 fortis,

252 4121 390 4204 Moyses,
406 4127 438 4187 et
452 4122 603 4206 populum
924 4119 986 4198 Qui
1001 4121 1041 4185 de
1054 4123 1167 4188 mortis

253 4205 367 4270 Trahit
381 4207 422 4270 ad
438 4206 655 4288 spectaculum
924 4204 1036 4270 Victor
1050 4205 1152 4288 portis

254 4288 378 4354 Tantae
392 4291 493 4354 virtus
507 4289 570 4352 rei:
923 4288 1041 4354 Introit
1055 4306 1127 4354 curn
1142 4288 1259 4371 gloria:

254 4373 349 4438 Stant
363 4373 526 4454 suspensis
540 4372 691 4451 vultibus,
925 4373 1174 4454 Rexvirtutum,

253 4455 611 4523 Intendentesnubibus
926 4455 1025 4522 Cuius
1041 4461 1155 4524 nutum

254 4539 362 4606 Iesum
376 4539 625 4607 subducentibus
926 4538 969 4604 111
982 4541 1132 4606 obtutum

255 4623 326 4693 Viri
341 4623 486 4692 Galiloei.
927 4622 1025 4691 Trina
1038 4626 1149 4692 tremit
1162 4623 1261 4712 regia.
