3266 5222
698 319 928 383 -192-

240 499 267 558 b.
286 498 467 558 1111111111.
508 505 531 556 1.
552 501 637 572 (long.
662 507 691 558 te
714 501 823 560 Mariae
842 503 956 574 virginis
975 501 1064 574 angel.
1083 501 1115 559 L.
1152 533 1186 544 -
1223 507 1247 560 b.
1268 503 1420 574 sugendam
1437 503 1469 560 B.

170 574 294 642 sugendo
314 576 342 630 C.
362 575 501 643 sugendas
519 590 600 630 marn.
619 591 662 644 pr.
680 573 712 628 F.
731 603 766 616 -
784 578 809 630 6.
828 575 900 631 Nam
919 575 968 631 cel.
987 577 1018 630 Β.
1038 605 1072 616 -
1091 581 1180 631 mater
1197 577 1261 633 lesu
1288 575 1398 632 GHKP.
1434 605 1470 618 —-

172 649 212 700 10.
223 645 361 715 plebicula
379 647 491 700 FGLM.
510 676 544 686 -
564 647 760 702 concelebrant
776 647 833 702 BG.
858 677 892 687 -
919 651 960 702 12.
979 649 1145 703 concinnunt
1163 647 1200 700 M.
1225 678 1259 688 —
1284 655 1380 703 coetus
1398 664 1470 704 mar-

169 723 261 786 tyrum
279 718 313 772 D.
334 747 368 758 -
389 721 430 772 13.
450 716 493 771 Tu
511 718 548 788 pl.
568 718 598 771 Β.
617 747 651 758 -
671 719 767 788 „Libri
785 718 908 788 plebis.
945 719 997 776 Hic
1015 720 1125 788 legatur
1142 719 1266 788 plebes
1285 725 1313 774 et
1327 735 1384 774 non
1401 721 1470 790 ple·

169 788 237 857 bis,
257 789 295 843 sic
314 789 514 844 construendo:
541 789 668 844 ohlaria
690 791 787 858 plebes
809 789 954 857 utriusque
973 806 1055 847 sexus
1079 793 1204 860 sequitur
1222 792 1279 846 te.“
1316 791 1396 846 Torr.
1434 821 1469 832 -

172 862 212 912 14.
241 867 325 927 atque
357 876 439 914 carm.
471 859 551 915 GPR.
589 891 623 901 -
659 861 782 917 celebrat
801 860 855 916 LP.
884 876 1021 918 venerans
1039 861 1157 920 BGGHI.
1195 893 1228 904 -
1268 863 1308 916 16.
1337 863 1469 918 auxilium

168 931 461 1001 AFGHKLMNPQR.

241 1035 265 1072 1.
283 1018 434 1074 Bemerlc.
475 1019 562 1074 Ucbcr
580 1020 632 1075 das
651 1019 850 1091 Rbptbmiscba
869 1026 918 1076 etc.
938 1021 1048 1089 apricbt
1065 1021 1183 1077 Bartsch
1202 1021 1228 1074 S.
1249 1023 1292 1074 15.
1306 1024 1350 1075 22.
1365 1023 1409 1075 26.
1425 1023 1468 1076 36.

170 1093 213 1144 38.
231 1093 274 1144 40.
293 1093 337 1144 42.
356 1095 399 1146 47.
418 1095 461 1146 48.
481 1095 524 1146 51.
543 1093 586 1148 53.
605 1095 647 1148 54.
667 1095 710 1150 58.
729 1093 772 1148 65.
792 1095 834 1148 72.
855 1095 897 1148 78.
916 1096 960 1149 80.
978 1095 1022 1148 82.
1041 1097 1084 1150 98.
1103 1096 1164 1148 100.
1183 1095 1243 1146 101.
1264 1093 1323 1148 102.
1343 1095 1404 1147 127.

412 1494 484 1556 248.
527 1491 577 1558 De
592 1491 807 1574 assumptione
821 1491 929 1557 1111111
942 1489 1076 1555 Mariae
1089 1488 1233 1572 cirpims.

555 1607 671 1676 (Auctor
689 1609 839 1666 ostridam
858 1608 892 1664 de
912 1609 938 1664 S.
957 1605 1090 1676 Victore.)

173 1729 200 1790 1.
227 1725 321 1793 Salve
335 1731 438 1792 mater
455 1729 633 1808 salvatoris,
864 1735 893 1795 7.
910 1727 959 1794 Fu
972 1727 1108 1793 thronus
1123 1745 1157 1791 es
1173 1725 1361 1805 Salomonis

226 1811 293 1878 Vas
309 1812 454 1893 electum,
470 1831 526 1878 vas
541 1813 679 1894 honoris,
707 1833 715 1864 1
912 1812 971 1879 Cui
984 1811 1092 1878 nullus
1107 1829 1165 1894 par
1178 1811 1211 1875 in
1226 1809 1351 1874 thronis

226 1896 293 1962 Vas
310 1895 457 1962 coelestis
473 1898 610 1978 gratiae:
911 1895 1219 1963 Artevelmateria:

227 1979 275 2045 Ab
290 1985 420 2046 aeterno
436 1999 494 2046 vas
508 1983 679 2063 provisum,
912 1982 1001 2048 Ebur
1015 1979 1153 2046 candens
1168 1977 1335 2057 castitatis,

226 2064 293 2128 Vas
307 2064 442 2146 insigne,
457 2083 513 2130 vas
527 2067 667 2132 excisum
912 2063 1170 2130 hurumiulvum
1186 2062 1330 2128 caritatis

226 2147 324 2213 blano
340 2148 525 2229 sapientiae.
910 2149 1124 2230 Praesignant
1137 2147 1298 2230 mysteria.

171 2231 199 2290 2.
227 2230 320 2296 Salve
335 2232 423 2298 verbi
439 2250 529 2298 sacra
543 2250 669 2316 parens,

226 2315 301 2380 Flos
316 2314 355 2380 de
370 2314 470 2398 spinis
485 2317 579 2398 spina
593 2333 714 2396 carens,

227 2399 312 2478 Flos,
328 2399 443 2482 spineti
459 2399 577 2480 gloria:

226 2484 292 2548 Nos
307 2483 477 2566 spinetum,
493 2501 550 2549 nos
565 2483 688 2566 peccati

227 2567 327 2650 Spina
342 2585 453 2633 sumus
469 2569 639 2648 cruentati,

227 2651 291 2718 Sed
305 2657 342 2718 tu
356 2652 468 2734 spinae
482 2651 597 2718 nescia.

172 2737 200 2796 3.
226 2735 327 2802 Porta
341 2737 460 2815 clausa,
475 2734 547 2802 lons
561 2735 736 2818 hortorum,

228 2821 318 2886 Cella
332 2825 440 2887 custos
455 2824 699 2902 unguentorum,

228 2905 318 2970 Cella
331 2905 559 2986 pigmentaria:

863 2273 893 2333 8.
910 2267 1053 2333 Palmam
1067 2263 1208 2349 praefers
1222 2263 1426 2344 singularem,

911 2353 979 2418 Nec
993 2352 1026 2416 in
1040 2351 1136 2417 terris
1151 2349 1252 2415 habes
1265 2365 1384 2430 parem,

913 2435 979 2500 Nec
993 2436 1027 2500 in
1041 2435 1121 2500 coeli
1136 2433 1238 2500 curia:

913 2519 998 2585 Laus
1012 2519 1142 2584 humani
1157 2516 1282 2600 generis

914 2603 1078 2670 Virtutum
1092 2621 1170 2685 prae
1185 2599 1319 2668 caeteris

913 2686 1043 2753 Habeus
1057 2686 1233 2770 privilegia.

865 2811 894 2873 9.
914 2805 968 2874 Sol
982 2806 1058 2870 luna
1075 2803 1219 2882 lucidior,

912 2891 956 2956 Et
970 2890 1047 2955 luna
1061 2889 1229 2967 sideribus

227 2988 425 3055 cinnamomi
440 2988 606 3070 calamum,

227 3071 400 3156 Myrrham,
416 3073 490 3139 thus
506 3079 539 3138 et
554 3073 732 3140 balsamum

228 3159 272 3223 Su
297 3175 368 3222 1111
384 3155 570 3240 fragrantia.

172 3235 201 3298 4·
228 3177 331 3320 Salve,
347 3241 444 3307 decus
458 3241 627 3322 virginum,

227 3325 401 3391 Mediatrix
416 3326 588 3406 hominum,

226 3409 348 3475 Salutis
363 3428 534 3493 puerpera:

225 3493 351 3576 Myrtus
368 3493 606 3576 temperantiae,

226 3579 312 3644 Rosa
327 3579 509 3660 patientiae,

226 3661 355 3728 Nardus
370 3661 539 3728 odorifera.

172 3734 201 3795 5·
226 3745 274 3811 Tu
289 3747 440 3812 convallis
454 3745 593 3827 humilis,

226 3830 326 3895 Terra
339 3849 403 3897 non
416 3829 559 3910 arabilis,

226 3911 315 3989 Quae
329 3911 468 3980 1111111111
482 3915 648 3996 parturiit:

194 4012 203 4028 ·
226 3997 302 4064 Flos
317 3999 419 4082 campi
434 3997 632 4080 convallium,

227 4082 395 4162 Singulare
409 4081 521 4164 lilium,

228 4163 374 4231 Christus
390 4183 428 4231 er
442 4171 475 4232 te
489 4167 616 4249 prodiit.

172 4255 201 4316 6.
227 4249 276 4314 Τ1
291 4249 438 4315 111111111
452 4251 631 4332 paradisus

226 4332 431 4414 Libanusque
445 4353 508 4400 nou
521 4335 650 4415 incisus,

227 4418 396 4498 Vaporans
412 4417 627 4484 dulcedinem:

227 4499 275 4566 Tu
291 4500 437 4566 candoris
452 4508 484 4567 et
498 4502 632 4584 decoris,

228 4583 275 4650 Tu
291 4585 430 4651 dulcoris
446 4589 479 4650 et
493 4586 600 4652 odoris

228 4668 337 4736 Habes
351 4669 592 4752 plenitudinem.

914 2973 967 3039 Sic
980 2972 1083 3038 Maria
1097 2971 1222 3053 dignior

915 3055 1078 3124 Creatoris
1093 3055 1249 3121 omuibus.

847 3181 894 3242 10.
911 3175 980 3239 Lux
996 3173 1148 3256 eclypsim
1165 3171 1319 3250 nesciens,

913 3257 1055 3339 Virginis
1070 3261 1120 3324 est
1137 3256 1278 3335 11111111,

913 3341 1018 3408 Ardor
1031 3339 1224 3419 indeficiens,

912 3425 1106 3492 Immortalis
1122 3425 1249 3490 caritas.

847 3553 894 3614 11.
914 3545 1017 3624 Salve,
1032 3545 1134 3608 mater
1149 3539 1278 3622 pietatis

913 3627 956 3693 Et
970 3626 1069 3692 totius
1083 3625 1250 3690 Trinitatis

913 3711 1027 3777 Nobile
1040 3709 1231 3775 triclinium:

915 3795 1015 3861 Verbi
1030 3799 1136 3860 tamen
1150 3791 1309 3858 incarnati

912 3877 1058 3962 Speciale
1071 3877 1230 3943 maiestati

911 3963 1112 4045 Praeparaus
1127 3961 1310 4042 hospitium.

846 4087 894 4150 12.
912 4079 939 4146 Ο
954 4080 1058 4146 Maria
1072 4077 1167 4146 stella
1181 4076 1289 4154 maris,

912 4165 1078 4246 Dignitste
1093 4160 1274 4244 singularis,

912 4249 1015 4330 Super
1028 4263 1136 4312 omnes
1151 4243 1308 4311 ordinaris

914 4333 1050 4400 Ordines
1066 4329 1269 4395 coelestium:

913 4419 950 4484 ln
965 4433 1113 4498 supremo
1128 4413 1192 4479 sita
1206 4413 1270 4496 poli
1303 4492 1310 4506 ο

913 4501 981 4568 Nos
995 4500 1124 4580 assigna
1140 4503 1215 4563 tuae
1228 4495 1321 4578 proh,

914 4587 962 4651 Ne
977 4591 1115 4650 terrores
1131 4581 1197 4648 sive
1214 4579 1278 4646 doli

913 4669 979 4735 Nos
993 4667 1199 4751 supplantent
1212 4663 1359 4729 hostium.
