3210 5230
706 272 937 344 4590.-

546 461 618 526 882.
658 455 827 542 &meam
847 461 959 524 como
981 454 1112 524 meam.

203 601 230 662 1.
252 595 378 679 Sponsa
392 595 514 664 Christi
528 601 562 664 et
577 597 692 664 decora
873 603 903 664 9.
922 595 1451 680 Locaetregnachriatianorum

247 679 360 748 Funde
396 699 486 746 neces
501 687 534 747 et
548 699 645 748 exora
919 683 1101 750 Potestatee
1116 699 1157 762 po
1179 679 1304 746 ulorum

247 763 366 832 Sancta
412 765 441 830 ei
456 763 606 830 ecclesia:
919 765 1091 832 Debellare
1104 699 1264 830 amssiunt:

248 847 446 914 Salvatorem
462 843 604 928 exorare,
920 849 988 915 Iam
1003 867 1088 916 nunc
1102 849 1215 925 clama,
1229 849 1293 912 iarn
1308 864 1392 913 nunc
1408 863 1479 926 ora,
1597 829 1598 832 ¹

247 930 434 998 Uttevelit
447 931 584 998 liberare
918 933 1286 1017 Deprecareainemora

223 1015 464 1084 ¹dTurcarum
479 1015 577 1082 rabie.
919 1017 1038 1084 Sancta
1052 1018 1112 1083 Dei
1128 1015 1274 1082 ecclesia.

198 1099 228 1162 2.
247 1099 442 1184 congregari
456 1105 532 1166 sunt
545 1103 691 1184 potentes
851 1102 901 1166 10.
920 1101 1058 1186 Tempus
1073 1103 1183 1174 instat,
1198 1097 1274 1182 vigil
1293 1103 1374 1179 esto,

247 1183 505 1251 Terraanoatraa
522 1183 720 1262 invadentes,
920 1187 969 1254 De
991 1203 1102 1251 recare
1116 1183 1212 1251 corde
1226 1189 1349 1248 moesto

247 1267 370 1335 Furore
384 1271 418 1332 et
428 1267 553 1348 gladio:
918 1271 948 1337 R
990 1275 1165 1354 emptorem
1182 1267 1339 1332 omnium:

251 1351 510 1432 Subiugareiam
525 1355 698 1434 coeperunt
919 1350 1320 1434 Quirenanatapeccatia

248 1435 292 1502 Et
305 1435 485 1502 Bizantium
500 1441 650 1502 tenerunt
918 1437 962 1505 Et
975 1437 1111 1504 redemit
1124 1453 1196 1502 cum
1211 1434 1333 1500 renatis

248 1518 619 1602 Magnarumpotentia.
920 1519 1251 1602 Snocaroeangaine.

201 1600 230 1668 t.
250 1602 366 1670 Sacrae
382 1620 455 1668 arae
471 1601 688 1686 profanarent,
852 1601 898 1667 ll.
916 1605 977 1686 Qui
992 1603 1107 1672 inferni
1122 1609 1231 1686 portas
1246 1598 1344 1682 fregit

247 1687 380 1771 Templa
394 1685 513 1753 Christi
530 1685 767 1768 depraedarunt
919 1691 962 1756 Et
975 1697 1142 1772 peccatum
1156 1688 1219 1751 ianr
1234 1683 1374 1766 subegit,

247 1771 413 1853 Tanquam
428 1787 523 1836 canae
537 1768 657 1836 rabidi:
917 1769 1302 1840 Uttesalvumiaceret:

246 1854 467 1922 Sacerdotium
486 1854 699 1934 extinxerunt,
919 1856 980 1935 Qui
994 1859 1028 1923 in
1042 1856 1138 1922 Petro
1153 1861 1277 1936 petram
1293 1849 1407 1917 duram

247 1937 662 2022 VasaGhriatirepuarunt
919 1941 965 2008 Te
979 1937 1124 2007 fundavit
1137 1951 1380 2020 permansuram

248 2023 324 2092 Sine
337 2022 526 2088 reverentia.
918 2025 984 2108 Ipsi
1000 2025 1057 2091 soli
1074 2022 1226 2106 supplica.

200 2101 230 2175 4.
250 2107 383 2176 Sancton
401 2105 522 2172 Christi
541 2104 761 2187 exhumarunt,
852 2103 901 2172 12.
919 2109 1127 2176 Perscrutare
1141 2109 1175 2172 et
1188 2102 1403 2187 interpellare,

250 2191 352 2258 Beata
366 2207 439 2256 ossa
454 2189 708 2256 dimembrarunt
919 2185 1390 2274 Quantumpossisrecordarc‚

247 2273 447 2341 Proiiciando
463 2273 608 2339 canibus:
918 2275 1011 2357 Quod
1025 2291 1188 2356 nunquam
1203 2271 1345 2338 deficies:

249 2357 359 2425 Fidem
374 2355 494 2422 crusti
507 2355 552 2422 ibi
567 2357 706 2424 colentes
918 2361 1026 2428 Vestis
1040 2357 1159 2425 Christi
1175 2358 1221 2423 sic
1235 2354 1350 2420 sortita

248 2441 441 2509 Occiderant
455 2446 488 2506 et
501 2438 645 2506 videntes
919 2445 1030 2528 Neque
1045 2444 1146 2510 scissa
1160 2457 1217 2506 nee
1231 2437 1417 2522 irrepartita

246 2521 802 2592 Derieeruntmittenteeinaxilium.
918 2529 994 2596 Fuit
1007 2525 1217 2594 inconsutilis.

198 2581 229 2674 ⁸·
250 2607 641 2676 Deflortruntinterarta
852 2601 900 2675 1³.
918 2613 1008 2692 Quae
1022 2611 1201 2678 haereticos
1239 2603 1390 2672 rostravit

248 2693 293 2761 Et
306 2695 475 2759 vastamnt
489 2690 558 2758 Deo
573 2709 665 2759 carae
919 2697 962 2764 nt
977 2695 1196 2764 schismaticos
1210 2628 1375 2757 damnavit

247 2775 291 2844 Et
304 2775 436 2860 pudicas
447 2776 604 2856 virgines:
918 2781 998 2848 Vult
1011 2780 1096 2864 quod
1110 2779 1173 2845 seis
1187 2781 1358 2860 perpetua:

248 2861 404 2940 Parietes,
418 2860 475 2926 ubi
491 2857 639 2926 Christus
919 2857 1330 2934 Murostuoeiortesiecit,

248 2943 734 3026 Qumeuamatreeratpictua,
920 2948 1062 3022 scutum,
1077 2965 1166 3014 arma
1180 2947 1213 3010 in
1227 2947 1260 3008 te
1273 2939 1348 3007 iecit

247 3027 616 3095 Deleveruntoontinuo.
919 3031 1107 3100 Sanctorum
1122 3027 1285 3111 martyrio.

200 3105 230 3178 ὓ.
248 3111 468 3180 Deturbarunt
482 3120 610 3178 sanctos
626 3130 746 3193 omnes,
851 3101 900 3176 14.
919 3117 954 3186 Si
968 3116 1055 3182 fideli
1071 3121 1104 3182 et
1117 3113 1232 3180 devota

246 3197 290 3265 Et
304 3213 476 3278 campanae
492 3200 525 3261 et
538 3197 691 3263 ambonas
918 3199 1121 3283 supplicabis
1136 3201 1242 3264 mente
1256 3195 1335 3268 tota,

246 3279 569 3349 Dederuntsilentio:
919 3279 1291 3351 christusteexnudiet:

249 3363 647 3432 Subrerteruntcontiouo
917 3369 990 3434 Non
1004 3367 1073 3432 vult
1087 3373 1221 3432 mortem
1238 3359 1454 3444 peecatorum,

249 3447 638 3529 onocentaurorum
919 3449 981 3520 Sed
996 3454 1104 3518 reatus
1119 3449 1207 3516 delei
1220 3448 1333 3512 horum

248 3532 338 3600 Facti
354 3531 646 3600 suntinomnibua.
917 3535 1002 3602 Vere
1016 3533 1254 3618 poenitentium.

200 3617 228 3678 7.
248 3615 391 3700 Surgunt
412 3633 541 3682 rursum
564 3621 802 3699 praepotenter,
852 3616 899 3684 15.
919 3619 1047 3695 Omnes,
1064 3618 1164 3702 quiin
1180 3633 1252 3682 eum
1267 3607 1400 3678 madunt

247 3699 436 3768 Dimicando
449 3701 648 3766 incessanter
918 3703 961 3770 Et
975 3701 1016 3768 ab
1031 3701 1126 3768 idolis
1139 3699 1301 3776 recedunt,

248 3784 347 3864 Quasi
360 3787 460 3850 totam
476 3782 644 3850 Graeciam
919 3785 1242 3852 Eruntfiliiliberae:

249 3867 576 3946 Iaminvadnntiam
591 3865 737 3951 affligunt
918 3869 1084 3953 Quotquot
1096 3887 1171 3936 vero
1186 3863 1404 3933 Mahometum

247 3952 367 4020 Tristia
381 3969 450 4030 noa,
465 3951 530 4016 iam
543 3955 766 4037 constringunt
918 3955 988 4020 Iam
1004 3959 1169 4020 sectantur
1182 3949 1389 4017 indiscretum

248 4033 602 4104 Servireidololatriae.
918 4034 1292 4106 Delebitexterminatio.

201 4117 230 4178 8·
249 4121 493 4202 Congregantur
506 4120 540 4185 in
554 4117 662 4184 furore
852 4117 1267 4200 16.1esubone,1esupie‚
1339 4193 1345 4208 .

248 4204 316 4272 Nec
330 4203 492 4272 dimittent
505 4202 627 4269 intrare
920 4205 1035 4273 Preces
1050 4209 1178 4272 nostras
1191 4203 1226 4268 in
1239 4200 1301 4266 hoc
1315 4195 1365 4262 dre

250 4287 371 4356 Contra
385 4287 547 4354 Ohrietum
563 4286 741 4355 dominum:
920 4287 1184 4368 Quaefundimuo
1200 4281 1331 4352 exaudi:

248 4370 320 4438 Tibi
335 4369 463 4438 Christo
479 4372 720 4455 comminantur,
920 4373 968 4439 Tu
983 4373 1037 4456 qui
1052 4379 1154 4458 potes,
1169 4376 1206 4437 tu
1219 4366 1275 4451 qui
1289 4363 1374 4430 uoles

248 4453 686 4538 Petrisedemdetestantur,
919 4457 1131 4524 Adversarius
1145 4453 1236 4522 nobis
1251 4451 1358 4517 hostes

249 4537 604 4606 Etchrietiricarium.
920 4541 970 4609 Tu
984 4546 1123 4622 contere,
1137 4546 1174 4606 tu
1189 4535 1370 4618 comprime.
