3186 5254
713 281 945 345 ...488-

182 460 682 550 s.cuius1exnosinlormavis‚
924 462 1066 540 Quorum
1080 467 1225 530 mnctum
1239 463 1433 546 angelorum

238 544 617 624 Custodivitroboruvit
923 545 970 613 Ut
984 547 1039 614 det
1052 547 1426 630 nobisrexsonctorum,

237 627 490 698 Lexhoecfides
506 630 700 696 orthodoxa:
923 631 1080 714 Impetret
1092 632 1153 701 boc
1165 637 1287 715 martyr
1300 633 1372 698 iste.

236 712 645 794 Fortisbicinlidebons,
856 718 904 781 10.
922 715 972 782 Ibi
987 733 1045 782 nos
1060 722 1252 800 nostrasque
1266 722 1380 798 gentos

236 795 752 879 Perqucmsnntoetemadonn,
921 798 1186 883 Modopsventes
1200 806 1425 884 permanentes

237 879 646 948 Debeclidenullsnoxc.
920 881 1098 950 Gollocsin
1117 885 1286 951 solamine:

182 969 212 1028 9.
234 963 308 1042 Qus
321 983 446 1030 versum
460 962 578 1031 format
596 983 664 1045 nne,
921 965 1112 1050 Triumphus
1126 969 1356 1052 inuopimnces

237 1047 298 1113 Dei
311 1053 416 1114 muter
430 1067 508 1114 cene
522 1066 582 1114 eve
921 1049 1207 1135 conceperimus
1223 1052 1395 1123 leumntcs

236 1131 285 1196 De
299 1131 359 1198 hoc
373 1151 432 1198 sve
446 1132 520 1200 Iesu
535 1130 675 1198 Christe:
921 1132 1165 1204 sacrosanctum
1184 1137 1327 1205 verbnm.

251 1237 347 1294 Text.
383 1240 460 1298 bliss-
479 1241 603 1312 Mogunt.
624 1245 700 1298 150⁷.

725 1463 924 1478 a*

547 1633 618 1696 723.
661 1631 713 1698 Dc
731 1649 757 1697 s.
783 1629 942 1698 modom
962 1637 1113 1716 manure.

179 1741 254 1813 (lu,
272 1744 324 1799 ortt
342 1744 404 1798 &m
420 1742 565 1800 mmmm
583 1745 872 1818 Tyro-:Aufentum
890 1745 1023 1818 Natiso,
1042 1763 1095 1803 ces
1113 1746 1216 1820 Quin
1233 1749 1302 1804 oder
1313 1747 1483 1820 mmm,
1574 1783 1575 1786 =

278 1815 357 1870 scarb
376 1815 419 1870 als
437 1813 583 1888 Martyrcr
599 1833 636 1872 ru
653 1817 776 1874 Amcsca
793 1821 825 1873 ic
842 1817 951 1874 Pontus
968 1819 1031 1890 306,
1052 1819 1163 1876 cerebri
1180 1835 1226 1874 cre
1243 1823 1269 1876 9.
1287 1817 1373 1886 Noc.)

182 1941 209 2000 1.
234 1929 618 2011 Eisdevotismentibus
850 1937 880 1998 3.
904 1931 1067 1999 Passionis
1081 1931 1198 2014 potiris

233 2013 278 2081 Et
291 2015 444 2084 suavibus
458 2015 662 2082 concentibus
904 2013 1003 2095 Usus,
1018 2016 1029 2081 i
1053 2017 1103 2082 nis
1121 2017 1283 2098 martyrio,

234 2095 411 2164 Laudando
426 2099 631 2168 sustollomus
905 2098 957 2165 Sic
972 2033 1101 2166 tongum
1115 2099 1291 2183 laureatus,

233 2179 394 2247 Theodori
407 2183 578 2264 magnalis,
904 2181 957 2249 Sic
970 2183 1040 2265 regi
1054 2201 1112 2250 suo
1126 2183 1262 2252 dederat

233 2263 277 2329 Et
291 2270 414 2346 quantu
428 2265 493 2332 sint
507 2271 539 2332 et
552 2265 662 2348 quelle
903 2265 1344 2350 Etseetquodpossederct

229 2347 292 2414 ,Pie
305 2365 533 2414 recenseamus.
904 2349 1041 2418 Sanctus
1055 2351 1291 2433 praetitulatus.

178 2435 207 2495 2.
234 2429 342 2514 Stirpe
357 2437 453 2498 notus
469 2432 509 2497 cle
524 2430 622 2498 nobili
848 2439 879 2504 4.
904 2433 943 2500 In
959 2434 1040 2501 coeli
1054 2435 1214 2502 domicilio
1276 2481 1279 2491 .

232 2513 295 2580 llic
331 2521 438 2580 cotors
452 2513 605 2582 immobili
903 2517 995 2584 Nunc
1009 2519 1193 2601 centuplum
1208 2519 1306 2588 ulilio

233 2599 286 2666 Sic
302 2535 404 2664 sseum
420 2598 584 2696 diligebat,
902 2601 963 2667 Dei
977 2603 1038 2670 sibi
1053 2602 1207 2671 donatur:
1255 2687 1262 2701 ,

233 2681 325 2759 Quod
341 2683 628 2766 corponsdelicius
902 2683 965 2750 Pro
979 2687 1098 2754 nostris
1113 2693 1150 2752 ut
1164 2687 1322 2755 emnbbus

230 2765 276 2831 Et
290 2767 443 2850 temporis
459 2766 587 2834 divities
904 2768 978 2834 Suis
993 2775 1065 2836 oret
1081 2771 1274 2853 precatibus,

231 2849 281 2916 Ob
295 2851 401 2934 ipsum
416 2850 670 2932 contempnebat.
903 2851 1038 2926 Anobis
1053 2854 1263 2936 supplicetur.

174 3027 197 3082 S
221 2956 340 3084 dect.
376 2959 467 3016 Morel
484 2959 537 3015 No.
556 2961 617 3016 543.
636 2957 664 3014 S.
682 2960 734 3013 311
753 2973 821 3014 orco:
847 2956 901 3015 Hs.
925 2975 963 3016 no
985 2959 1027 3017 St.
1046 2959 1148 3018 Galles
1171 2961 1225 3020 No.
1244 2965 1297 3019 546
1323 2963 1476 3039 (Brsnder)

726 3175 924 3186 -ιι--ιν--Μκ-

431 3332 433 3338 ’
537 3319 608 3382 724.
650 3313 702 3382 De
721 3333 747 3382 s.
773 3313 930 3384 lbcodclo
951 3317 1106 3400 episcopo.

176 3451 203 3511 l.
230 3446 675 3516 Oollsudeturrervirtutum
899 3448 1157 3533 Inqusgemmc
1171 3453 1370 3518 secerdotum

230 3529 397 3598 Gloriosus
413 3531 627 3602 etadnutum
900 3533 1375 3616 Prsesulctuspresterrotum

228 3613 362 3680 Faciens
376 3614 539 3697 prodigis:
898 3615 1043 3683 Praeluit
1061 3616 1171 3684 officio.

229 3695 419 3763 Gratuletur
433 3699 512 3764 urbs
527 3697 690 3764 Sedunum
844 3703 873 3764 4.
899 3699 961 3765 Hic
975 3704 1026 3767 est
1039 3701 1095 3766 ille
1108 3706 1220 3784 postor
1234 3700 1345 3782 bonus,

227 3780 270 3845 Et
284 3781 317 3848 in
331 3781 415 3852 trino
431 3781 542 3848 laudet
559 3799 657 3848 unum
899 3783 998 3849 Pater
1012 3785 1101 3849 urbis
1115 3789 1148 3851 et
1164 3791 1327 3868 petronus,

229 3863 315 3930 Cleri
331 3866 548 3932 consonantia.
900 3865 999 3933 (iuius
1014 3868 1191 3949 patrocinio

172 3947 201 4009 2.
227 3946 313 4015 Urbs
328 3948 406 4016 haec
420 3950 551 4031 inquom
565 3948 714 4030 gloriosa,
899 3949 977 4016 Vite
992 3951 1142 4018 membris
1158 3951 1332 4032 destitutis,

228 4031 662 4115 anpcstorisflosetrosc
741 4065 743 4072 ν
900 4033 977 4100 Vita
993 4035 1089 4101 detur
1105 4034 1269 4105 dissolutis

228 4113 564 4183 Glsruitheodulus:
897 4116 958 4185 Dei
973 4125 1054 4186 nutu
1068 4121 1207 4202 praevio.

227 4197 326 4266 Cuius
342 4217 400 4282 ope
416 4200 555 4281 spiritali
842 4199 872 4260 5.
897 4199 989 4277 Quod
1004 4204 1147 4285 peccavit
1160 4220 1217 4268 rex
1230 4205 1405 4286 peccatum,

227 4282 332 4352 Morte
349 4281 444 4348 datur
458 4281 498 4348 de
513 4285 642 4350 mortali
897 4284 964 4350 Soli
979 4284 1041 4352 luit
1055 4287 1232 4352 revelatum

226 4367 296 4431 Rex
311 4383 398 4431 emer
420 4366 431 4430 i
447 4366 597 4433 Kerolus.
898 4370 925 4432 Α
941 4369 1104 4435 coelorum
1116 4371 1212 4437 solio:

172 4447 200 4511 3.
225 4384 573 4531 Haecestffiesuignc
590 4449 695 4528 laude,
897 4451 1314 4536 Luxitenimlursupemu

226 4533 364 4616 Speciali
378 4530 495 4614 plausu
509 4533 630 4616 plaude
897 4533 1289 4615 lnlucerna‚neluoerne

227 4615 421 4687 Sedunensis
434 4617 540 4698 regio:
897 4617 1030 4688 Luteret
1043 4622 1102 4689 sub
1116 4620 1235 4692 modio.
