3266 5222
796 326 1025 390 ..204-

263 515 294 564 tu
312 508 334 563 1.
369 507 412 564 Tu
431 506 502 562 roris
521 512 549 560 et
568 505 647 562 floris
665 506 696 562 Ο.
716 505 743 560 fl.
763 512 792 559 et
810 505 880 560 toris
898 505 1014 574 11.-6,
1032 507 1057 559 2.
1078 503 1158 572 Quod
1176 511 1241 561 mat.
1260 505 1380 574 A.-o‚
1400 508 1424 559 3.
1444 504 1486 558 De
1504 505 1567 560 luto

263 581 317 636 Bc.
337 609 371 621 -
389 581 415 646 6,
427 583 453 631 4.
472 578 609 633 reformas
627 577 659 632 F.
678 579 771 634 Mona.
790 575 916 634 reforttis
933 579 966 632 Δ.
987 577 1148 632 dicandam
1159 577 1322 632 reformans.
1333 605 1366 618 -
1377 581 1402 630 7.
1415 577 1491 644 fehlt
1511 577 1566 632 BC.

266 682 295 693 -
316 655 343 718 t,
362 655 387 705 2.
407 648 488 718 Quod
505 664 541 704 m.
559 650 651 704 Mane.
671 651 717 717 qui
735 666 769 702 m.
789 649 860 704 Dan.
879 647 1026 716 (Drusis.)
1065 679 1095 688 -
1133 651 1159 714 7,
1179 652 1256 702 1-3,
1275 650 1306 702 in
1326 648 1362 702 ld:
1387 648 1449 701 Tibi
1469 657 1568 704 nostra

262 722 356 777 favent
375 721 517 790 obsequia,
545 719 606 788 Qua
633 734 663 772 es
690 721 735 774 dei
754 727 844 773 mater
861 727 890 774 et
908 719 974 788 fllia,
1001 719 1055 773 Per
1073 727 1101 773 te
1119 721 1175 774 reis
1194 719 1313 774 donatur
1333 719 1419 773 venia.
1439 749 1473 758 -
1493 721 1520 786 7,
1540 721 1566 771 3.

263 796 338 864 regis
358 793 421 847 don.
440 793 477 846 M.
497 793 605 846 reniam
623 793 656 846 A.
669 821 703 832 -
714 795 739 858 7,
758 795 783 846 4.
803 791 875 845 stelit
892 791 925 844 ia
943 789 966 844 G
984 806 1036 844 vor
1054 793 1079 844 3.
1090 821 1123 829 -
1134 793 1159 860 8,
1169 794 1194 844 2.
1215 791 1308 844 Verba
1317 791 1387 844 Dan.
1407 787 1566 858 (Dracks.).

263 895 295 906 -
316 869 343 934 8,
362 867 387 920 3.
406 863 444 918 Et
453 863 584 1002 l{clryhlll
599 863 663 988 HTu
682 863 732 918 sol.
752 861 781 915 Β.
804 892 835 902 -
855 865 880 932 9,
902 865 924 916 1.
944 861 1033 918 adver
1050 861 1134 916 FKN.
1155 861 1252 916 Waolr.
1281 861 1423 915 salvarit.
1451 861 1567 914 mundet

264 937 633 1001 cuncter.

335 1037 357 1076 c.
377 1020 529 1074 Bemerk.
567 1020 640 1086 ,‚Am
658 1019 816 1090 hdafiycten
834 1019 936 1072 domant
954 1019 1004 1072 der
1022 1035 1044 1072 a.
1062 1035 1088 1088 q.
1108 1019 1259 1072 adoniaclre
1281 1017 1349 1072 Vera
1368 1033 1433 1072 vor:
1452 1035 1484 1072 so
1503 1018 1566 1072 ltier

262 1097 301 1148 im
319 1091 476 1180 Efapouye,
494 1091 629 1145 wdltread
647 1091 692 1144 dic
709 1090 950 1214 diripe‘Saqaear
970 1105 1028 1174 'aas
1052 1091 1150 1158 aecta,
1175 1091 1278 1143 medei·
1295 1090 1362 1190 ‘prad
1380 1089 1565 1158 acttsildiqen

263 1163 457 1222 troctaacten
476 1163 535 1217 aad
552 1161 633 1216 cedn—
643 1162 775 1230 audoisae
788 1163 869 1232 bryan
882 1159 1058 1227 pammcator
1068 1159 1169 1215 Veram
1181 1161 1293 1214 beatem.
1331 1161 1450 1214 Bartsch
1460 1161 1487 1214 S.
1502 1163 1565 1214 195.

818 1313 978 1322 -----.--.
996 1313 1013 1319 ..-

691 1411 761 1470 265.
805 1405 857 1471 Dc
878 1413 988 1470 sanctu
1010 1406 1134 1470 Morio.

288 1545 313 1608 l.
336 1541 363 1606 Ο
390 1539 479 1620 virga
505 1557 542 1604 ac
563 1537 710 1603 diadema
732 1558 892 1622 purpurae
914 1541 1009 1620 regis,
1029 1558 1111 1620 quae
1131 1557 1165 1603 es
1186 1540 1218 1602 in
1241 1539 1387 1605 clausura
1409 1549 1466 1604 tua
1480 1541 1565 1604 sicin

411 1625 526 1702 lorica;
1148 1695 1150 1700 ⁸

284 1717 312 1778 2.
336 1709 384 1775 Tu
405 1708 557 1773 frondens
578 1706 715 1771 lloruisti
736 1707 768 1772 in
789 1709 857 1772 alta
877 1707 1106 1786 vicissitudine,
1129 1725 1223 1787 quam
1238 1707 1340 1770 Adam
1355 1723 1446 1770 omne
1461 1723 1567 1786 genus

413 1793 580 1856 humanam
601 1793 798 1870 produceret

284 1883 313 1942 3.
336 1879 412 1956 Ave,
439 1893 507 1952 ave,
534 1876 573 1937 de
599 1885 654 1939 tuo
680 1882 789 1939 ventre
815 1873 880 1938 alia
904 1875 970 1939 vita
997 1876 1160 1956 processit,
1186 1889 1250 1953 qua
1266 1872 1367 1936 Adam
1385 1871 1468 1936 lilias
1486 1889 1568 1938 suos

413 1961 641 2025 connumerat.

284 2051 313 2109 4.
337 2045 363 2108 Ο
385 2043 452 2123 llos,
475 2051 511 2107 tu
527 2061 588 2106 non
603 2041 787 2122 germinastl
809 2041 849 2105 de
871 2060 943 2106 rore
963 2059 1021 2106 nec
1042 2043 1082 2106 de
1097 2041 1197 2122 guttis
1210 2040 1346 2122 pluviae,
1367 2059 1424 2105 nec
1437 2045 1494 2106 air
1509 2040 1567 2105 de-

413 2145 511 2206 super
527 2131 559 2190 te
574 2125 701 2207 volavit,
724 2125 781 2192 sed
802 2126 909 2190 divina
931 2127 1060 2192 claritas
1080 2128 1112 2190 in
1128 2125 1321 2190 nobilissima
1336 2127 1426 2205 virga
1441 2133 1473 2188 te
1487 2143 1566 2206 pro-

414 2211 514 2284 duxit,

283 2301 312 2363 5.
337 2295 483 2441 Ovirgda,
506 2291 710 2358 floriditatem
731 2299 820 2358 tuam
842 2293 930 2358 Deus
951 2295 983 2358 in
1005 2293 1107 2375 prima
1126 2292 1178 2356 die
1196 2298 1363 2358 creaturae
1378 2309 1455 2357 suae
1470 2309 1567 2374 prae-

411 2379 440 2442 vi
465 2382 545 2454 arat,

284 2469 313 2528 6.
338 2464 380 2527 Et
394 2464 434 2526 de
448 2463 547 2526 verbo
562 2479 620 2524 suo
636 2477 765 2525 auream
781 2461 957 2540 materiam,
973 2481 992 2525 o
1007 2461 1179 2526 laudabilis
1195 2461 1293 2541 virgo,
1309 2459 1394 2524 lecit.

285 2555 312 2613 7.
336 2547 472 2627 Oquam
488 2562 637 2625 magnum
658 2550 709 2609 est
729 2546 761 2610 in
785 2545 904 2611 uiribus
919 2545 986 2610 suis
1001 2546 1086 2610 latus
1102 2547 1170 2624 viri,
1195 2545 1311 2624 dequo
1328 2545 1414 2608 Deus
1428 2541 1566 2608 formam

412 2630 553 2693 mulieris
567 2629 728 2710 produxit,
755 2647 849 2710 quam
870 2627 946 2694 lecit
967 2628 1130 2711 speculum
1153 2629 1253 2692 omnis
1274 2629 1452 2694 ornamenti
1466 2629 1516 2693 sui
1532 2637 1568 2693 et

412 2713 641 2796 amplexionem
658 2715 759 2777 omnis
774 2719 938 2778 creaturae
954 2733 1038 2778 suae

283 2806 312 2865 8.
337 2798 415 2863 lude
430 2799 599 2862 concinunt
614 2796 765 2862 coelestia
779 2815 900 2878 organa
913 2803 947 2862 et
961 2799 1096 2862 miratur
1111 2797 1213 2861 omnis
1226 2801 1324 2875 terra,
1349 2814 1368 2859 o
1390 2793 1567 2862 laudabilis

411 2881 525 2960 Maria,
551 2880 626 2960 quia
648 2880 734 2945 Deus
756 2886 789 2945 te
810 2882 902 2946 valde
923 2881 1057 2960 amavit;
1082 2899 1177 2962 qnam
1192 2881 1285 2947 valde
1301 2879 1517 2962 plangendum
1532 2885 1568 2944 et

410 2965 582 3046 lugendum
602 2970 661 3041 est,
684 2965 769 3046 quod
793 2965 925 3030 tristitia
943 2965 975 3030 in
995 2967 1126 3030 crimine
1146 2983 1203 3046 per
1224 2965 1390 3029 corrsilium
1405 2967 1568 3047 serpentis

413 3051 446 3114 in
461 3050 624 3113 mulierem
638 3047 738 3113 fluxit.

284 3138 312 3200 9.
336 3133 416 3197 Nam
439 3133 510 3214 ipsa
532 3134 655 3206 mulier,
680 3151 775 3213 quarn
798 3133 885 3197 Deus
905 3137 1038 3197 matrem
1059 3133 1197 3198 omnium
1217 3133 1334 3213 posuit,
1361 3133 1484 3198 viscera
1505 3151 1566 3198 sua

413 3235 483 3281 curn
500 3217 682 3364 vumllribus
699 3217 898 3298 ignorantiae
917 3217 1075 3298 decerpsit
1095 3223 1129 3282 ot
1150 3218 1277 3299 plenum
1298 3217 1439 3280 dolorem
1455 3219 1565 3298 generi

412 3320 469 3366 suo
485 3304 578 3382 protu
594 3301 626 3364 't.

265 3389 312 3448 10.
334 3383 407 3464 Sed,
423 3405 442 3449 o
456 3402 582 3464 aurora,
605 3383 645 3448 de
669 3388 777 3448 ventre
798 3387 854 3448 tuo
877 3402 977 3450 novus
991 3385 1040 3449 sol
1055 3385 1228 3466 processit·
1242 3386 1296 3466 qui
1311 3385 1417 3450 omnia
1430 3385 1565 3449 crimina

413 3469 499 3533 Evae
514 3469 667 3534 abstersit
686 3475 719 3532 et
738 3469 901 3532 maiorem·
912 3469 1162 3534 benedictionem
1184 3487 1241 3552 per
1255 3477 1287 3534 te
1302 3471 1445 3552 protulit,
1466 3486 1564 3549 quam

412 3553 481 3618 llva
496 3552 675 3617 hominibus
693 3552 864 3617 nocuisset.

265 3641 314 3700 ll.
338 3635 439 3713 Unde,
459 3655 478 3700 o
492 3637 655 3716 salvatrix,
674 3653 758 3718 quae
774 3653 888 3701 novum
905 3637 1011 3700 lumen
1026 3635 1164 3702 humano
1178 3640 1287 3718 generi
1303 3639 1474 3722 protulisti,
1498 3641 1564 3706 col·

412 3723 475 3800 lige
489 3721 631 3784 membra
644 3719 700 3783 lilii
714 3721 761 3785 tui
776 3721 818 3784 od
833 3721 1001 3785 coelestem
1016 3721 1223 3788 harmoniam.

333 3841 358 3882 a.
380 3827 473 3882 l’eat.
509 3827 592 3882 idone
610 3827 662 3882 No.
681 3829 735 3882 680
752 3828 790 3896 (2,
809 3829 882 3896 893.)
901 3843 968 3883 aaa:
987 3827 1040 3882 Ha.
1060 3843 1097 3883 aa
1119 3827 1285 3885 Wieabadca
1303 3847 1325 3884 a.
1345 3831 1414 3885 oben
1432 3831 1487 3888 Nr.
1501 3835 1563 3888 127.

262 3929 296 3941 -
315 3900 414 3954 Daniel
434 3901 466 3968 V,
485 3901 546 3954 330.
565 3901 615 3952 tot
633 3899 686 3952 dea
703 3897 775 3953 rear
794 3915 846 3954 aaa
864 3899 957 3954 idone.

333 3991 358 4042 b.
377 3987 562 4044 Lesartea.
599 3988 748 4042 humanum
766 3987 820 4042 Hc.
839 3989 988 4042 humanum
1006 3989 1113 4042 senciat
1132 3989 1231 4044 besam.
1254 3989 1292 4045 Μ.
1329 3993 1444 4064 „Malim
1469 3994 1562 4062 legere

262 4060 495 4130 produxerat.
533 4059 565 4114 ln
583 4060 672 4113 Adam
691 4071 771 4113 omne
789 4075 877 4128 genus
895 4060 1044 4115 humanum
1064 4060 1138 4116 dedit
1161 4065 1306 4130 poenam.“
1341 4065 1412 4120 Dan.

820 4207 871 4214 σι».-
882 4207 991 4216 -.--,.,..
1000 4209 1014 4216 μ

700 4307 771 4368 266.
813 4303 867 4368 De
887 4304 978 4370 beuta
999 4305 1121 4370 Morio.

266 4445 292 4512 1.
320 4437 415 4503 Salve
429 4441 524 4518 porta
538 4437 755 4520 chrystallino,
991 4443 1416 4528 Salverosacarensspina,

319 4521 390 4586 vivi
406 4521 497 4602 ponis
513 4519 646 4602 officina,
993 4527 1092 4608 Virga
1106 4526 1221 4594 florens
1236 4530 1266 4595 ri
1281 4529 1398 4609 divina,

320 4603 416 4670 Dirae
431 4605 542 4671 mortis
558 4606 722 4688 medicina,
991 4610 1038 4674 De
1053 4629 1117 4692 qua
1132 4629 1196 4676 nux
1210 4613 1414 4696 amygdalina

320 4687 395 4756 Flos
410 4689 519 4756 mundi
534 4690 656 4758 Maria:
990 4693 1099 4762 Crevit
1114 4695 1198 4764 vitae
1213 4698 1273 4768 viu.
