3218 5234
615 323 823 388 ..97..

97 512 117 572 l.
135 501 320 589 Sempitcrni
332 503 418 586 regis
433 504 592 570 sententia
796 503 971 586 Dignitatis
985 505 1108 588 primae
1123 503 1262 571 conditio

134 591 193 656 Sub
207 597 339 672 peccato
354 588 510 655 conclusit
523 591 639 671 omnia,
795 589 1000 656 Reformatur
1014 588 1104 655 nobis
1120 590 1152 654 in
1166 589 1241 668 lilio,

132 673 171 739 Ut
184 672 319 740 infirmis
332 689 469 754 superne
486 675 592 755 gratia
796 673 893 738 Cuius
908 693 989 739 nova
1004 693 1062 740 uos
1077 673 1269 740 resurrectio

131 759 330 824 Subveniret:
797 756 995 824 Consolntur.

132 842 184 908 llci
196 841 303 906 virtus
318 845 352 905 et
365 841 532 924 sapientia,
745 843 774 904 5.
795 839 983 907 Resurrexit
997 841 1077 906 liber
1091 841 1132 908 ab
1147 837 1258 905 inieris

130 925 326 1008 Temperavit
340 925 420 989 iram
437 925 619 1004 clementia,
795 925 1006 991 Restaurator
1021 925 1151 990 humani
1166 923 1302 1006 generis,

130 1009 199 1074 cum
213 1011 282 1075 ism
298 1008 435 1074 mundns
450 1009 482 1073 in
498 1009 666 1092 praecipiti
796 1009 894 1075 Ovem
910 1027 1001 1074 suam
1016 1013 1183 1092 reportans
1199 1007 1341 1074 humeris

130 1094 221 1159 Totus
238 1094 315 1158 iret.
797 1094 846 1158 Ad
862 1111 1018 1176 superna:

90 1185 111 1242 3.
128 1177 305 1243 Insultabat
319 1181 449 1243 nostrae
468 1177 615 1242 miseriae
797 1177 991 1258 Angelorum
1006 1196 1067 1260 pou
1086 1175 1123 1242 fit
1141 1181 1175 1242 et
1195 1177 1368 1256 hominum,

129 1262 223 1327 Vetus
238 1261 353 1341 hostis,
369 1267 481 1326 auctor
495 1259 645 1341 malitiae,
796 1261 966 1328 Plenitudo
981 1266 1160 1326 succrescat
1174 1259 1331 1334 ordinum,

130 1346 204 1422 Quia
218 1345 312 1411 nulla
326 1363 401 1428 spes
417 1350 487 1411 erat
503 1345 616 1410 veniae
796 1345 1059 1429 Triumphantcm
1074 1345 1143 1412 laus
1161 1345 1254 1412 decet
1268 1343 1368 1410 domi·

127 1429 169 1494 De
182 1429 346 1514 peccatis:
838 1447 923 1508 num,

125 1513 323 1596 Desperante
336 1511 456 1578 mundo
471 1511 656 1590 remedium,
796 1515 881 1580 Laus
897 1519 1037 1579 aeterna.

126 1597 202 1662 lium
217 1603 371 1664 tenerent
389 1602 504 1661 cuncta
525 1596 697 1678 silentium,
745 1601 774 1662 6.
798 1598 989 1664 Harmoniae
1004 1597 1150 1662 coelestis
1165 1595 1290 1676 patriae

127 1683 208 1748 Dens
222 1689 319 1765 pater
334 1681 441 1746 emisit
458 1679 557 1744 lilium
796 1681 865 1748 Vox
880 1681 1050 1747 concordet
1070 1681 1183 1746 matris
1198 1679 1368 1746 ecclesiae:

126 1766 319 1848 Desperatis.
795 1765 934 1831 Alleluia
948 1765 1130 1846 frequentet
1145 1763 1239 1828 hodie

87 1855 109 1911 l.
126 1849 245 1916 Pnaedo
261 1867 379 1929 vorax,
404 1852 581 1914 monstrum
597 1853 697 1915 tarta·
796 1849 891 1914 Plebs
906 1848 1024 1914 fidelis:

161 1952 263 2016 reum,
794 1931 1002 2016 Triumphale
1017 1931 1129 1997 mortis
1144 1931 1288 2013 imperio,

127 2017 257 2085 Omnem
278 2016 408 2098 ridens,
430 2035 493 2082 non
515 2033 630 2084 cavens
650 2015 697 2084 la·
793 2015 992 2099 Triumphali
1006 2013 1151 2082 duarum
1165 2015 1298 2096 gaudio;

161 2121 290 2186 queam,
794 2099 832 2166 Iu
848 2107 936 2166 terra
953 2117 1015 2182 pax
1030 2103 1064 2165 et
1076 2099 1225 2166 iubilatio

125 2185 328 2254 lnlatentem
343 2203 441 2252 ruens
455 2187 601 2252 aculeum
795 2183 845 2252 Sit
858 2185 891 2251 in
906 2183 1013 2252 coelis.

127 2271 326 2339 dduncatnr:

141 2393 164 2433 u.
181 2380 280 2436 Text.
317 2377 540 2433 Mendileio.
564 2377 593 2431 S.
612 2380 655 2432 43.
676 2391 742 2432 acm.-
769 2375 871 2448 Hymni
895 2383 923 2431 et
945 2377 1094 2448 collectae,
1122 2377 1293 2448 antiphonae
1317 2381 1369 2434 etc.

92 2445 160 2504 laris.
179 2455 258 2508 1585.
280 2452 324 2504 12.
343 2449 372 2504 S.
392 2453 452 2505 190.
490 2447 624 2518 „deleniat
642 2449 733 2503 cillere
754 2447 1091 2519 crimenentur
1109 2449 1208 2506 ldorel.

141 2537 164 2592 b.
182 2536 373 2594 Lerartcn.
410 2539 435 2589 1.
454 2533 497 2591 Ea
510 2537 585 2605 sedit
603 2536 649 2590 cin
671 2534 716 2591 Va.
738 2565 767 2575 -
785 2539 812 2603 2,
832 2539 857 2590 7.
880 2533 1024 2592 Virllciclci
1043 2535 1215 2607 praecipitia.

446 2689 515 2750 107.
560 2684 660 2771 Iusrd
684 2691 824 2752 amoram
843 2682 991 2766 pascuae.

92 2783 112 2840 l.
129 2781 220 2848 Sexta
232 2799 354 2864 passus
369 2779 448 2847 leria
746 2789 775 2850 5.
798 2783 903 2850 Morte
920 2799 979 2850 sua
994 2781 1130 2866 simplici

130 2864 459 2933 llicGhristustcrtia
796 2868 936 2934 Nostrae
950 2865 1045 2932 morti
1060 2865 1178 2951 duplici

130 2949 326 3016 Resurrexit:
436 3005 443 3018 .
797 2953 877 3018 Fert
891 2951 1061 3017 medelam:

130 3031 267 3116 Surgens
282 3051 353 3100 cum
368 3033 502 3100 uictoria
797 3037 894 3104 Vitae
907 3035 1022 3118 pandit
1039 3035 1172 3114 aditum,

131 3115 435 3200 Collocatingloria
798 3120 1228 3200 Nostrumsnnntgemitum

131 3197 210 3276 Quos
224 3201 350 3269 dilexit.
798 3205 842 3270 Et
859 3205 1031 3288 querelam.

92 3285 114 3343 2.
131 3283 187 3350 Pro
201 3285 292 3352 fideli
305 3287 426 3370 populo
747 3294 776 3360 d
798 3290 862 3355 Leo
877 3287 969 3353 fortis
984 3287 1079 3354 hodie

134 3366 239 3438 Crucis
253 3371 287 3435 in
301 3371 448 3453 patibulo
798 3369 1181 3454 Datsignumpotentiae

133 3449 332 3521 Immolatur:
799 3455 1024 3536 Resurgendo:

135 3533 295 3604 Clauditur
309 3539 343 3602 in
357 3535 491 3617 tumulo,
799 3540 977 3622 Principem
992 3537 1154 3620 nequitiae

135 3617 269 3688 Tandem
283 3621 318 3687 in
333 3621 463 3687 diliculo
800 3621 1121 3691 Perarmaiustitiae

134 3701 315 3772 Suscitatur.
798 3707 1012 3774 Deuincendo.

96 3785 119 3844 3.
137 3785 248 3858 Christi
262 3807 339 3856 crux
354 3795 388 3855 et
402 3789 511 3873 passio
749 3803 777 3860 7.
799 3793 891 3858 Diem
906 3792 1005 3860 istum
1019 3789 1173 3856 Dominus

136 3870 479 3958 Nobisestpraesidio‚
800 3877 947 3949 Fecit‚in
963 3873 1162 3958 quolaciuus

138 3953 167 4020 Si
179 3960 363 4040 credamus:
799 3960 911 4026 Mundi
925 3961 1000 4024 luit:

139 4037 249 4110 Christi
267 4041 460 4109 resurrectio
799 4045 837 4110 Iu
853 4061 916 4126 qun
929 4061 1015 4108 mors
1030 4041 1193 4123 occiditur,

138 4121 409 4206 Fucit‚utavitio
801 4130 839 4194 ln
854 4145 917 4208 qua
931 4128 1000 4194 vita
1015 4125 1171 4206 redditur,

138 4205 356 4294 Resurgamus.
799 4213 910 4280 Hostis
924 4213 1000 4276 ruit.

99 4287 123 4346 4·
139 4287 246 4361 Hostia
260 4294 418 4362 sufficiens
747 4303 778 4363 8.
801 4295 1119 4377 Geminatumigitur

140 4372 278 4446 Christus
292 4379 354 4445 iuuit
367 4378 505 4445 moriens
801 4379 939 4446 Alleluia
954 4381 1078 4446 canitur

139 4455 193 4525 Pro
206 4470 349 4548 peceato:
802 4465 904 4532 Corde
919 4483 1013 4548 puro:

140 4539 301 4630 Sanguinis
315 4547 428 4614 effusio
801 4549 990 4630 Quinculpa
1008 4547 1134 4614 tollitur

143 4626 243 4697 dbluit
256 4651 315 4699 nos
328 4631 425 4715 impio
801 4633 844 4698 Et
858 4634 925 4698 vita
939 4633 1137 4714 promittitur

142 4707 350 4800 Triumphato.
664 4743 671 4757 ·
801 4715 973 4784 Inluturo.

134 4817 230 4876 Meuia,
245 4821 379 4874 &waren
1156 4820 1173 4882 ‘1
