3240 5224
171 457 220 517 11.
243 449 318 529 Vos,
334 445 455 516 Christi
470 449 596 530 milites,

171 541 219 602 12.
242 535 385 613 Nosmet,
404 533 618 616 deposcrinus,
951 605 955 614 ,

171 625 219 686 13.
243 617 289 684 Ut
304 621 406 684 Deum
420 619 540 685 sedulis
553 618 700 701 precibus
718 667 724 681 .
742 669 748 683 .
768 668 774 681 .
791 669 798 683 .
814 623 848 683 et
863 618 961 684 vitam
978 669 985 682 .
1002 668 1008 680 .
1028 668 1034 682 .
1053 668 1060 684 .

240 725 335 781 Text.
371 726 462 780 Morel
480 726 532 781 No.
550 729 612 783 443.
632 726 659 782 S.
678 729 739 780 245.
760 743 828 782 aas:
851 725 906 780 Hc.
929 743 966 780 ru
990 725 1031 781 Sl.
1052 726 1153 782 Golden
1176 727 1228 782 No.
1249 730 1302 783 546
1320 725 1489 798 (Brunder)

168 801 219 854 mit
238 799 299 852 dem
316 795 404 852 Titel:
422 799 464 852 De
483 799 537 854 scis
556 798 681 854 Iohanne
700 805 728 852 et
747 797 833 852 Paulo
853 797 1021 866 martyribus
1032 799 1144 866 Christi,
1163 800 1238 854 baal-i
1256 796 1408 856 Notkeri
1433 815 1489 854 sc·
1604 785 1605 836 l

168 871 282 940 quentia
300 869 417 938 pulchra
436 868 524 922 tituli:
553 867 626 923 Filia
644 870 749 924 matris.
786 867 846 922 Met
873 869 923 922 der
950 867 1082 924 Melodic.
1119 869 1206 938 Dicor
1223 869 1348 938 Sequens
1372 872 1489 926 scurae

168 943 220 998 mit
237 940 545 1011 persuperdenderulip
563 941 619 1066 arcs(
635 939 812 994 occludere
830 940 890 994 aud
899 939 1205 1043 Otbmuraup‘owendrt
1223 939 1486 1010 (arctonidem).

168 1013 213 1069 Za
229 1012 347 1082 Ausanp
365 1013 425 1067 ond
443 1027 494 1067 vor
513 1013 573 1067 dem
612 1011 705 1067 cblaru
724 1011 774 1066 luat
793 1011 843 1066 der
863 1009 934 1066 Text
953 1010 1074 1068 maban.
1114 1013 1211 1070 Morel.

289 1353 360 1412 411.
402 1345 454 1411 Dc
467 1366 509 1412 ss.
526 1346 669 1413 Iohanne
684 1353 712 1414 et
727 1347 840 1426 Paulo,
850 1346 1160 1428 patrocinantem
1174 1345 1347 1415 Briuiuoc.

173 1490 201 1548 l.
228 1480 359 1546 Exultat
380 1479 472 1561 polus
493 1479 543 1545 hie
564 1482 687 1564 pollens
713 1481 796 1547 side·
898 1479 978 1544 Nam
995 1479 1143 1546 Ambrosl
1157 1485 1264 1548 mente
1279 1499 1362 1564 pura

268 1564 368 1642 ribus,
897 1563 1338 1647 supplicanteshisprocura

225 1647 411 1730 Applsudat
440 1648 536 1713 tellus
573 1651 696 1715 cunctis
726 1667 794 1716 cum
896 1646 1030 1714 Mirifice
1045 1655 1209 1730 sanantur,

264 1730 423 1812 fidelibus,
841 1738 869 1798 3.
895 1732 961 1798 Vos
976 1734 1075 1814 igitur
1090 1733 1151 1798 Dei
1165 1731 1371 1814 confessores,

223 1816 267 1884 Et
286 1820 337 1896 tu,
359 1815 492 1880 Brixino
514 1813 604 1897 felix,
629 1835 667 1882 eu
689 1818 795 1899 gratia
895 1815 1048 1882 Gammae
1064 1817 1153 1896 coeli,
1168 1818 1311 1899 paradisi
1326 1817 1432 1900 flores,

264 1897 450 1980 multitaria,
894 1901 944 1965 Ab
960 1901 1101 1982 aegrotis
1116 1900 1241 1967 animae
1251 1901 1427 1984 languores

222 1982 349 2050 Sanctis
364 1983 468 2050 ditata
482 1984 666 2067 praesulum
684 2001 794 2067 corpo·
895 1983 1071 2068 Perpetuos
1087 1983 1237 2066 effugate.

264 2067 365 2147 ribus,
839 2071 869 2130 4.
895 2070 943 2134 De
959 2075 1046 2136 terra
1061 2069 1328 2152 peregrinationis

222 2151 384 2217 Irrediata
399 2153 535 2218 lucernis
554 2153 757 2233 coelestibus,
895 2152 938 2218 Et
952 2172 972 2218 a
987 2153 1129 2219 convalle
1144 2153 1331 2237 plorationis

223 2234 336 2302 Gaude
363 2241 397 2301 et
422 2237 520 2302 lauda
546 2237 658 2315 Deum,
685 2255 704 2302 a
730 2254 793 2318 quo
895 2236 961 2302 Nos
977 2237 1008 2302 in
1023 2243 1162 2303 montem
1179 2237 1386 2305 exultationis

264 2317 534 2400 gaudiimuteria.
895 2321 1014 2386 Vestra
1028 2339 1123 2404 prece
1138 2321 1315 2388 sublevate.

840 2405 868 2466 5.
894 2404 1042 2471 Praestet
1056 2406 1116 2471 hoc
1138 2407 1229 2473 nobis
1245 2407 1352 2472 divim
1367 2406 1468 2472 maic-

936 2495 1014 2569 stas,

166 2579 194 2638 2.
222 2571 260 2638 Iu
274 2570 424 2638 sanandis
439 2578 472 2637 et
487 2571 610 2637 sanatis
894 2571 952 2638 Oui
968 2573 1011 2638 sit
1025 2572 1136 2654 gloria,
1152 2574 1223 2641 leus
1236 2580 1268 2640 et
1284 2579 1437 2658 potestas,

220 2656 385 2723 Debilibus
401 2655 582 2722 sanctitatis
894 2656 937 2722 Et
952 2674 1010 2722 nos
1027 2675 1150 2723 summa
1161 2659 1291 2725 decoret
1302 2660 1464 2741 honestas,

221 2739 340 2808 Merita
355 2740 570 2806 declarantur.
895 2740 921 2806 Ο
938 2741 1108 2807 Dominum
1124 2749 1264 2810 exorate.

234 2863 259 2903 a.
278 2847 374 2904 Tecrl.
410 2848 500 2904 Moral
519 2847 571 2903 No.
590 2849 651 2902 442.
671 2847 698 2902 S.
717 2850 778 2900 244.
799 2863 865 2903 oue:
882 2847 936 2902 Hs.
950 2865 987 2903 zo
1005 2847 1172 2906 Eiuricdeln
1190 2852 1242 2907 No.
1263 2855 1331 2923 lca,
1350 2853 1464 2909 Misssle

164 2919 214 2974 der
232 2918 355 2974 Didrcee
374 2919 487 2986 Brixen‚
506 2921 549 2973 15.
568 2919 666 2974 Jahrb.
685 2916 733 2972 Bl.
751 2922 813 2973 208.
834 2921 888 2990 (A).
926 2919 1002 2990 „Dic
1025 2921 1059 2976 Se
1078 2938 1149 2976 occa
1176 2923 1283 2978 nebeim
1302 2927 1379 2979 cium
1397 2927 1465 2979 oder

163 2992 291 3046 molerem
308 2992 417 3046 andern
435 2993 527 3046 dltem
543 2991 742 3058 umbpebildcl.
779 2990 854 3045 Eine
878 2992 1030 3047 bestimmtc
1074 2994 1186 3064 rduonp
1208 2995 1241 3048 iu
1268 2997 1321 3051 duc
1339 2995 1462 3050 Metram

163 3077 201 3117 ru
218 3063 335 3132 briopco
350 3063 418 3132 pipp
443 3063 513 3116 ider
541 3063 630 3116 manc
648 3060 754 3130 Kroft;
782 3062 921 3118 vielleicbt
940 3063 1030 3131 sedulle
1059 3065 1131 3120 aude
1154 3067 1355 3136 orspncnpliclu
1380 3068 1463 3122 ocbcu

163 3136 225 3188 eice
243 3132 386 3204 Ordnuup.
424 3132 560 3188 Indccren
587 3133 712 3188 erloubtc
738 3132 784 3187 r'cb
811 3135 867 3188 mir
894 3135 983 3202 cinipc
1008 3135 1219 3206 Aercdcroupen.
1257 3137 1315 3192 Die
1341 3137 1396 3193 Hs.
1414 3139 1462 3193 bol

167 3202 199 3259 V.
219 3207 235 3259 8
255 3219 290 3260 cx
308 3205 408 3274 gratie.
428 3207 445 3260 9
464 3205 585 3261 morbosi
604 3234 638 3245 -
658 3203 854 3274 supplicantes.
876 3209 909 3260 10
926 3205 1016 3262 huius.
1037 3210 1071 3260 14
1089 3209 1268 3277 perpetuus.“
1292 3209 1392 3264 Metel.
1429 3239 1462 3250 -

163 3275 201 3330 H.
220 3274 312 3332 Morel
332 3276 456 3348 decerpto
473 3278 529 3331 mir
547 3281 644 3345 operer
662 3277 722 3330 ciue
741 3275 891 3344 Abecbrc'st
909 3291 962 3330 arcs
981 3277 1040 3331 mm
1060 3278 1125 3333 Cod.
1146 3279 1171 3335 S.
1192 3279 1264 3335 Gall.
1283 3283 1337 3336 546
1357 3281 1408 3351 (Β).

233 3364 260 3419 b.
279 3363 463 3420 Leaartcu.
503 3369 526 3432 1,
546 3368 571 3420 3.
590 3381 625 3421 ex
644 3381 683 3434 gr.
703 3363 760 3418 AB.
779 3363 870 3419 Morel
889 3363 959 3418 ldsat
979 3381 1013 3420 ex
1032 3381 1098 3435 wop.
1135 3397 1169 3406 -
1209 3370 1232 3438 1,
1251 3370 1276 3422 6.
1295 3369 1333 3425 Sc
1353 3369 1384 3424 B.
1419 3369 1461 3425 Ex

163 3451 218 3504 quo
238 3435 339 3504 gandia
357 3444 484 3492 materna
503 3437 534 3491 Α.
555 3466 588 3476 -
607 3439 632 3506 2,
651 3441 677 3490 4.
696 3435 734 3490 So
752 3433 784 3488 B.
821 3435 891 3490 Nem
908 3436 1030 3492 morbosi
1048 3453 1083 3490 m.
1103 3455 1129 3508 p.
1155 3439 1219 3508 Sup.
1238 3440 1322 3495 huius
1344 3456 1462 3511 procula

161 3506 235 3562 Miro
254 3507 335 3563 modo
354 3521 414 3562 san.
434 3509 464 3561 Β.
501 3507 573 3562 Nam
600 3507 689 3563 morbi
712 3513 804 3562 mente
832 3523 858 3576 p.
887 3507 1108 3576 supplicantibus
1131 3509 1237 3566 Horum
1275 3527 1375 3568 recurre
1394 3513 1461 3567 miro

161 3577 242 3634 modo
261 3594 320 3636 san.
339 3578 437 3634 Morel.
459 3609 489 3619 -
511 3583 535 3648 3,
554 3581 580 3633 4.
599 3579 754 3648 Perpetuos
772 3579 806 3634 Δ.
825 3607 859 3620 -
879 3582 905 3644 5,
923 3581 949 3634 4.
970 3579 992 3634 0
1012 3580 1101 3636 Deum
1119 3581 1153 3636 A.
1172 3526 1272 3638 Mores
1290 3583 1313 3640 0
1332 3583 1411 3640 Dom.
1430 3584 1460 3642 Β.

716 3755 915 3764 --ι-ι--ο-ι-ι--ι-

366 3891 438 3954 412.
482 3885 525 3952 Iu
538 3887 715 3972 ‚scaldinio
735 3894 916 3955 sauctorum
938 3888 1075 3954 locabis
1096 3893 1125 3953 ct
1145 3887 1255 3954 Pauli.

164 4027 190 4086 l.
218 4019 320 4086 Adest
334 4021 403 4087 dics
422 4021 586 4102 olivarum,
835 4027 865 4087 2.
891 4021 970 4088 Auri
984 4019 1108 4104 pondus
1125 4022 1314 4103 (laniantes,

216 4101 286 4180 Qua
301 4104 447 4185 Ioannes,
463 4103 581 4171 Paulus
597 4105 719 4172 clarum
890 4103 933 4172 Et
946 4111 1115 4188 argentum
1131 4106 1360 4189 proculcantes

216 4187 349 4252 Flamen
363 4189 502 4254 reddunt
516 4191 693 4256 animarum
891 4191 1022 4272 Semper
1036 4187 1100 4254 fide
1114 4188 1206 4256 firma
1221 4195 1346 4256 stantes

217 4269 594 4354 Christoregigloriaa:
890 4275 1006 4340 Sancte
1022 4273 1145 4340 clarent
1159 4275 1281 4340 omine:

214 4354 416 4437 Respuentes
435 4355 595 4423 Iulianum
888 4356 931 4422 Et
945 4356 1063 4424 idcirco
1082 4358 1220 4423 laureati

216 4437 318 4504 Simtd
335 4445 368 4506 et
383 4438 611 4507 Terentianum
890 4437 972 4506 Sunt
987 4441 1090 4508 olivae
1103 4441 1246 4522 uocitati,

214 4520 259 4589 Et
272 4522 416 4605 ipsorum
430 4522 528 4590 ritum
542 4543 660 4591 vanum
887 4523 1156 4593 ExistentesDeo
1172 4525 1256 4610 grati

216 4604 574 4690 Suogaudcntcrdine.
888 4607 1061 4692 Nubesque
1074 4610 1268 4680 imbriferae.
