3234 5246
747 283 976 345 -412-

217 471 265 532 15.
285 465 338 532 Sic
351 481 410 530 nos
424 462 532 530 divim
547 463 652 546 gratia
890 465 937 527 16.
956 463 1025 528 Τιιο
1053 463 1251 543 interventu,
1281 480 1301 527 o
1330 463 1540 530 beatissime

284 548 362 613 Post
376 549 470 614 huius
486 549 571 614 uitae
587 548 693 630 spatia
1001 543 1331 628 doctorHieronyme.

285 632 445 698 Perducat
459 633 500 698 ad
517 632 660 697 convivia

286 715 441 781 Caelestis
456 715 651 780 hierarchia:

284 799 431 865 Rachelis
446 799 502 865 det
517 799 676 864 consortia

285 884 362 949 Post
376 882 518 949 laborem
533 882 629 965 Lyae,

284 967 328 1033 Et
343 966 490 1032 Marthae
506 975 579 1048 post
594 965 696 1032 officia

284 1049 392 1116 Vitam
408 1051 463 1116 det
476 1051 607 1116 Mariae.

285 1174 310 1214 a.
330 1156 421 1213 Text.
458 1159 558 1214 Daniel
576 1157 611 1226 11,
631 1161 683 1214 247
702 1172 717 1212 e
735 1155 814 1214 illes.
832 1155 983 1226 Numburg.
1005 1159 1081 1212 1517.

285 1247 311 1302 b.
329 1245 484 1302 Bemert.
522 1248 595 1302 Sane
613 1245 704 1301 ferrea
723 1252 801 1300 aetas
820 1246 917 1314 gannit
935 1245 1007 1299 hanc
1025 1245 1205 1314 sequentiam.
1224 1244 1318 1300 Habes
1336 1256 1440 1298 vocum
1460 1242 1529 1297 bar·
1608 1265 1609 1300 r

214 1318 344 1374 hararum
363 1317 538 1388 farraginem,
558 1318 645 1373 habes
663 1319 819 1385 incomptae
837 1323 866 1370 at
883 1318 1003 1371 rusticae
1030 1331 1147 1386 poeseos
1170 1316 1371 1382 documentum,
1401 1329 1461 1381 quo
1484 1329 1529 1370 se·
1608 1321 1609 1388 l

214 1390 319 1458 quioris
338 1391 471 1459 temporis
490 1389 593 1444 Prosus
612 1405 629 1443 a
647 1396 759 1444 vetusta
777 1395 934 1443 contestata
953 1401 987 1442 ue
1006 1388 1108 1444 virtute
1126 1389 1249 1456 priorum
1257 1385 1395 1442 mirumin
1406 1383 1527 1440 modum
1608 1399 1609 1440 ῑ

215 1461 400 1530 degenerasse
426 1461 528 1530 optime
556 1460 678 1515 docetur.
714 1459 851 1514 Daniel.
889 1500 905 1528 „
946 1459 1152 1514 chrochaialich
1177 1475 1234 1514 aar
1260 1461 1306 1513 eia
1329 1455 1527 1526 worcester
1608 1471 1609 1526 3

214 1531 412 1658 Anhaii⁹⁸1⁴3nd
430 1533 626 1659 'ffitng
646 1531 900 1597 derSchlaeaeata,
929 1531 982 1586 wie
1009 1531 1058 1586 der
1087 1529 1248 1602 Ucheraaaa
1275 1529 1322 1584 aa
1340 1527 1449 1583 Stasea
1480 1527 1527 1581 be·
1608 1571 1609 1576 ,

213 1606 300 1660 waiet.
381 1611 454 1660 artsc
516 1645 521 1657 .
596 1645 602 1656 .

542 1845 612 1908 607.
657 1839 700 1907 Ia
720 1841 925 1907 translatione
946 1860 972 1906 s.
993 1839 1192 1923 Hieronymi.

214 1973 326 2042 Gaude
341 1979 443 2042 mater
457 1974 600 2055 ecclesia,
615 1975 759 2041 recolens
774 1993 845 2041 cum
860 1974 977 2057 gaudio
992 1973 1176 2058 Hieronymi
1190 1973 1352 2056 magnalia
1368 1979 1433 2039 etc.

284 2081 379 2138 Teat.
417 2081 523 2138 Dicaea
541 2082 660 2153 Aafaaq
677 2083 727 2139 irat
745 2083 848 2139 Daniel
867 2083 903 2154 11,
924 2085 974 2138 191
994 2098 1009 2138 e
1028 2083 1108 2139 Mise.
1126 2083 1278 2152 Nnmburg.
1301 2084 1378 2138 1517.

547 2298 618 2361 608.
660 2293 712 2362 De
733 2317 759 2362 a.
782 2295 914 2366 Hilario
937 2297 1182 2365 carcassonensi.

217 2441 243 2500 1.
269 2431 478 2499 venerandae
494 2431 673 2500 venustatis
888 2445 916 2506 5.
942 2433 1050 2500 Dulcis
1066 2435 1144 2500 odor
1159 2433 1328 2510 emanavit,

271 2517 377 2583 Mater
392 2517 492 2582 mirae
507 2515 663 2583 claritatis
942 2519 1003 2596 Qui
1018 2525 1149 2584 cunctos
1163 2515 1354 2583 exhilaravit

269 2601 435 2667 Laudatur
449 2598 610 2666 Ecclesia:
941 2603 1017 2668 Mox
1032 2602 1189 2668 translato
1204 2619 1354 2683 corpore:

271 2685 360 2762 Quae
375 2689 424 2750 tot
438 2685 522 2750 viros
538 2685 719 2752 sanctitatis
941 2689 1061 2754 Verum
1076 2685 1407 2766 Deusaugmentavit,

271 2769 369 2837 Stolis
384 2769 466 2834 albis
481 2769 652 2851 duplicatis
942 2770 1025 2848 Quia
1041 2771 1352 2836 cacciarestauravit

269 2853 409 2920 Coronat
422 2854 454 2918 in
473 2853 589 2934 patria.
942 2855 1055 2922 Visum
1069 2855 1125 2920 illo
1140 2859 1293 2936 tempore.

215 3027 245 3088 2.
271 3019 335 3086 Sed
348 3021 381 3086 in
396 3019 498 3104 prima
513 3019 652 3085 statione
886 3027 914 3089 6.
941 3019 988 3088 Ut
1001 3023 1160 3105 scriptura
1174 3022 1353 3102 innotescit,

271 3105 354 3182 Fuit,
370 3105 542 3170 certamin
557 3121 660 3186 egone
941 3105 1373 3190 PluraquoqneDeusiecit

270 3189 390 3254 Beatus
406 3187 562 3253 Hilarius:
940 3190 1121 3271 Peripsum
1135 3191 1304 3257 miracula:

270 3271 331 3337 Pro
347 3279 388 3350 ta,
406 3269 532 3336 Christe
547 3270 620 3336 Iesu
637 3271 729 3353 bone,
940 3273 1025 3339 Illud
1038 3291 1115 3340 vero
1131 3273 1216 3356 quod
1233 3274 1361 3353 adiecit,

271 3355 405 3422 Praesul
421 3359 551 3422 exstans
567 3353 783 3423 carcassonae
941 3357 1021 3424 Cum
1035 3377 1133 3424 uxore
1147 3377 1206 3425 seu
1220 3359 1376 3425 concessit

271 3439 351 3505 Fide
366 3438 457 3506 fulsit
472 3440 598 3505 clarius.
942 3441 1312 3510 Oomesmentescdula.

216 3611 244 3673 3.
271 3604 414 3687 Cumque
429 3607 501 3673 finis
518 3608 756 3690 propinquaret,
886 3619 915 3677 1.
943 3611 986 3676 Et
1001 3611 1174 3692 signanter,
1189 3616 1263 3692 post
1278 3608 1434 3692 iugatum,

270 3690 641 3774 Eccesibivirapparat
943 3693 1023 3760 Cum
1037 3695 1103 3760 suis
1119 3712 1157 3760 ec
1171 3694 1366 3762 debellatum

271 3773 711 3857 Quidamsplendidissimus:
942 3777 1134 3844 Tolosanum
1149 3779 1312 3861 comitem:

270 3859 398 3940 Dicens,
414 3866 452 3924 ut
465 3858 681 3926 consideraret
941 3862 1380 3943 lnquoscivitseiuvatum,

269 3941 455 4024 Regionem,
471 3961 566 4025 quam
583 3943 717 4010 donarat
943 3946 1040 4012 Velut
1054 3945 1116 4011 sibi
1132 3945 1383 4013 demonstratum

272 4025 351 4092 Post
364 4027 459 4093 finem
475 4027 670 4095 Altissimus.
943 4029 1019 4094 Fuit
1033 4047 1090 4111 per
1105 4029 1298 4096 Antistitam.

216 4197 246 4258 4.
273 4191 343 4269 Quo
359 4195 399 4259 de
414 4197 532 4262 mundo
547 4197 592 4262 sic
606 4195 734 4262 sublato
888 4203 918 4263 8.
945 4197 994 4264 Ob
1008 4197 1068 4263 hoc
1083 4197 1173 4264 dedit
1187 4214 1309 4278 census,
1325 4199 1407 4273 iura,

272 4275 667 4359 clemquasuotumulato
944 4281 1023 4347 (lum
1039 4281 1403 4364 capelliscastra,rura,

271 4361 355 4426 Loco
370 4381 426 4427 seu
441 4365 609 4429 coenobio:
944 4365 1102 4444 Decimae,
1118 4363 1253 4430 allodia:

272 4445 319 4509 Eo
335 4447 464 4512 tandem
480 4447 623 4512 revelato
945 4451 1013 4516 Sibi
1030 4449 1161 4515 credens
1175 4447 1344 4530 profutura

271 4529 375 4595 Multo
391 4530 484 4596 Claro
499 4535 694 4613 congregato
944 4531 1061 4615 Sicque
1075 4533 1151 4616 poni
1164 4533 1224 4598 Dei
1240 4551 1317 4600 cura

273 4611 353 4682 Cum
368 4614 618 4700 DuceRogcrio.
945 4617 1273 4686 Subcoehcustodia.
