3186 5254
676 227 907 290 -471-

207 405 236 471 0
251 405 426 486 Rudperte‚
442 405 608 490 praeclara
621 406 751 490 pietatis
766 407 859 490 oliva,

207 489 278 556 Hoc
292 490 424 572 palmite
440 491 612 572 plurimum
626 489 780 558 afferente
794 492 932 558 iruoturn

207 574 334 640 Floruit
347 573 522 656 apostoliea
538 575 634 641 latius
649 576 752 644 vinea.

207 658 235 723 0
252 663 373 736 sancta,
387 659 548 738 innocens,
564 660 637 726 viva
652 660 767 725 summi
781 661 884 742 patris
899 659 1014 742 hostia,

126 743 182 805 15.
208 741 296 820 Quae
311 741 444 824 spiritus
459 743 567 824 gladio
585 743 751 810 immolata
763 744 843 826 Deo,

208 826 329 892 Metuit
342 826 550 908 triumphalia
563 833 740 910 martyrum
754 829 905 912 praemia.

209 909 258 976 Ad
273 910 459 991 angelorum
474 911 637 978 consortia

209 993 286 1060 Vita
298 999 466 1075 proventus
480 995 625 1076 angelica

208 1077 288 1144 Gom
302 1078 422 1144 sanetis
435 1079 580 1160 pascitur
593 1079 707 1146 intima

127 1162 183 1226 20.
207 1161 303 1228 Lucis
319 1167 469 1229 aeternae
481 1163 616 1230 theoria.

209 1245 302 1312 Unde
316 1263 408 1328 nune,
426 1251 519 1330 pater
533 1248 661 1330 optime,
677 1264 735 1313 nos
749 1247 881 1330 reopioe,

209 1331 296 1398 Vasa
310 1331 434 1412 gratiae
448 1349 487 1396 ex
502 1333 587 1398 vasis
602 1331 764 1414 nequitiae
779 1330 919 1399 transfer
935 1335 968 1398 et
980 1333 1128 1398 emunda.

208 1412 378 1482 Preoantes
393 1415 570 1496 reconcilia,

208 1497 365 1577 Salvilioa,
380 1505 455 1566 rota
469 1499 595 1582 suscipe
610 1505 643 1566 et
657 1504 767 1566 nostra
780 1499 953 1584 praeconia

128 1579 183 1648 25.
206 1583 276 1650 Deo
291 1583 342 1650 lac
355 1582 501 1663 iocunda,

207 1665 252 1733 Ut
266 1685 325 1734 nos
340 1673 415 1734 tuae
430 1667 650 1734 translationis
666 1685 796 1734 munere
810 1666 851 1733 de
865 1665 1004 1733 sinistris
1019 1666 1142 1750 excepti
1158 1666 1311 1749 gregibus

206 1751 256 1818 Ad
271 1752 434 1818 dexteram
449 1752 606 1832 collocati,
621 1751 854 1818 transferamur
866 1753 900 1818 in
914 1767 1035 1835 pesona
1052 1756 1192 1818 aeterna.

207 1834 271 1904 Ubi
285 1836 369 1903 stola
381 1836 589 1902 iucunditatis
603 1853 702 1902 aurea

204 1919 350 1986 Inlilatus
364 1937 435 1986 oum
450 1921 515 1986 tuis
529 1919 662 2002 paribus
678 1919 836 1986 celebrem
850 1917 944 1985 audis
958 1935 1084 1986 vocem:

130 2009 182 2074 30.
204 2004 304 2086 Euge,
320 2005 406 2071 iutra
419 2005 452 2070 in
468 2005 587 2086 gaudia
600 2007 742 2084 aeterna,

206 2089 232 2154 0
247 2089 422 2172 Rudperte‚
438 2087 555 2154 Christi
569 2088 772 2154 sacerdotum
787 2087 899 2168 gloria.

202 2195 297 2254 Text.
333 2195 435 2256 Daniel
452 2197 488 2266 11,
509 2198 560 2252 175
577 2197 627 2252 dot
646 2197 691 2252 olio
708 2201 734 2250 1.
744 2195 820 2252 Zoilo
837 2197 889 2251 mit
908 2196 958 2252 clar
970 2195 1176 2265 Ueterocirra'st:
1193 2195 1227 2252 In
1245 2195 1430 2255 translatione

130 2269 157 2324 S.
177 2269 320 2324 Valentini
337 2268 397 2324 und
414 2269 464 2322 der
482 2267 716 2339 Bemerlouopss
752 2269 849 2324 nentia
871 2269 901 2322 in
924 2268 949 2324 Δ
974 2267 1105 2324 desinens
1123 2275 1218 2323 exstat
1235 2268 1264 2322 iu
1282 2267 1361 2324 libris
1379 2267 1431 2322 Ee-

129 2341 233 2398 clesiae
251 2341 433 2399 Patarieusia.
452 2367 486 2381 -
504 2339 588 2396 Mune
607 2343 632 2409 3,
651 2342 717 2395 495:
770 2342 795 2394 ie
812 2339 866 2394 Ha.
885 2355 922 2394 aa
941 2337 1084 2394 Moaeoea
1108 2338 1175 2395 (lim.
1196 2341 1273 2394 1104.
1292 2338 1311 2394 i.
1330 2345 1356 2395 2.
1384 2339 1432 2394 dea

130 2413 174 2466 13.
193 2410 294 2467 oaoro.
313 2411 420 2467 entholt
437 2415 498 2468 eine
516 2412 667 2481 Sequentia
686 2425 722 2468 aa.
732 2409 850 2482 Ruperti
869 2416 898 2468 el
908 2409 1028 2481 Virgilii,
1047 2410 1092 2466 die
1111 2409 1178 2466 abor
1196 2411 1261 2466 retr
1278 2409 1432 2466 oaooroea

129 2483 169 2537 iet
186 2482 246 2538 aad
264 2498 296 2538 eo
315 2483 450 2554 oufdapt:

330 2571 458 2626 Gloriosa
476 2569 564 2640 fulget
582 2567 651 2640 dies,
669 2571 778 2626 exultat
795 2570 922 2640 eeclesia,

330 2641 436 2712 augelis
456 2641 611 2696 homiuibus
630 2642 705 2712 (que)
724 2657 780 2712 pax
798 2641 855 2712 (sit)
874 2648 902 2698 et
919 2641 1037 2710 laetitia,

330 2713 488 2768 inmortalis
508 2713 537 2783 (l.
557 2742 590 2752 -
609 2713 619 2767 i
637 2714 712 2784 uam)
729 2713 883 2770 tranalatus
901 2713 1000 2768 emicat
1018 2711 1150 2766 memoria

328 2783 490 2839 Radbertus
508 2782 632 2852 pontifex
651 2798 716 2854 spes
734 2791 840 2854 nostra,
860 2783 936 2840 salus
954 2790 983 2838 et
1002 2783 1099 2854 gloria.

328 2855 439 2911 Gaudet
455 2855 533 2924 (jam)
553 2855 660 2909 eoelum
678 2855 773 2910 inolita
790 2855 928 2924 praesulis
947 2869 982 2909 ex
1001 2855 1101 2923 anima,

329 2933 407 2982 terra
424 2927 539 2990 meritis,
558 2941 605 2980 eor
627 2941 674 2981 ore
694 2927 847 2996 triumphat
865 2925 953 2997 (felix)
970 2926 1093 2982 lunaria.

331 2998 483 3054 Suavitatis
503 2997 580 3066 odor,
599 2943 661 3056 eoru
680 3039 687 3052 .
707 3037 713 3051 .
732 3039 740 3052 .
761 3037 767 3052 .
786 2997 917 3053 coelestia
934 2998 1043 3066 mattae
1061 2997 1125 3052 ete

202 3084 267 3139 Dea
285 3085 354 3140 oben
372 3101 426 3140 aare
444 3085 505 3140 dam
524 3083 589 3140 (lod.
610 3085 637 3141 S.
657 3084 727 3141 oart
752 3084 805 3140 No.
825 3085 877 3140 546
903 3082 1050 3154 (Brunder)
1078 3082 1285 3154 mitpetioeilteo‚
1309 3083 1432 3156 oielfoolo

132 3157 317 3213 oordortemn
336 3155 407 3213 Teoet
425 3156 564 3214 nonanta
582 3157 628 3212 iet
646 3156 684 3210 H.
702 3155 803 3212 Morel.

682 3297 881 3309 -η--ι--ι

516 3397 586 3460 700.
627 3391 681 3460 De
702 3415 728 3462 s.
754 3393 889 3464 Seboldo
911 3393 1052 3460 erernilo.

134 3511 209 3580 (Gelo.
226 3511 259 3564 io
276 3507 397 3576 Dotion,
414 3507 480 3563 kam
497 3509 537 3562 tm
554 3512 580 3563 8.
600 3507 701 3567 Jalula.
719 3511 793 3566 aaut
809 3509 928 3582 Boyern
945 3509 1005 3565 und
1022 3507 1092 3563 lette
1109 3507 1142 3562 io
1159 3506 1237 3564 door
1254 3505 1367 3564 &mode
1385 3507 1429 3563 dei

347 3576 508 3650 Natrnderp
526 3580 637 3638 veretri
654 3599 700 3638 ooo
718 3585 761 3638 19.
779 3581 855 3653 Sept.
875 3579 1052 3637 audemaro
1068 3581 1112 3634 26.
1131 3577 1218 3651 Auo.)

155 3683 181 3741 1.
200 3674 410 3741 Concinamus
426 3676 557 3758 pariter,
822 3683 853 3744 4.
873 3675 996 3744 Paucos
1012 3675 1219 3742 contubernio

199 3757 243 3824 Et
257 3758 360 3825 Deum
377 3758 553 3826 laudemus.
872 3759 1147 3838 Eremoasaumit

199 3840 372 3909 Sebaldum
386 3843 536 3910 alacriter
872 3845 961 3911 Vivit
973 3844 1035 3911 soli
1051 3844 1196 3921 Domino,

199 3925 293 3993 Votis
307 3943 523 4010 prorooemus.
872 3929 941 3995 Abs
956 3945 1019 4010 quo
1034 3928 1080 3994 nil
1093 3925 1279 4011 praesumit.

154 4014 180 4076 2.
200 4009 606 4092 HicdeFraneisgenitus
823 4018 853 4078 o.
873 4009 1171 4078 visitatruiraoulis

199 4093 400 4178 Propinquos
415 4099 594 4176 postergat3
871 4097 965 4162 Hune
979 4095 1068 4160 Deus
1082 4093 1279 4178 frequenter,
1405 4145 1408 4152 ,

199 4177 351 4256 Quamvis
366 4183 462 4244 natus
477 4179 625 4260 inclytus,
871 4178 990 4245 Notum
1006 4178 1081 4246 lecit
1095 4178 1214 4264 patulis

199 4260 538 4344 Nainnelasvergat.
872 4262 982 4330 Factis
995 4263 1203 4346 pertinenter.

154 4351 181 4411 3.
199 4346 318 4414 Merito
332 4346 534 4415 vincentiam
824 4351 852 4412 6.
871 4346 1002 4414 Famem
1017 4347 1215 4430 patientibus

199 4429 351 4497 Eremum
367 4431 473 4512 elegit,
870 4429 948 4498 Fert
961 4430 1178 4514 reiectionem,

198 4513 317 4582 Vincat
330 4519 368 4582 ut
380 4513 547 4596 malitiam,
873 4515 967 4583 Sitim
981 4515 1215 4584 sustinentibus

183 4595 241 4668 ·So
255 4599 325 4667 Deo
341 4598 476 4684 subegit.
872 4599 1183 4690 Mirampotionem„
