3186 5254
585 238 814 302 -aal-

11 433 46 494 5.
84 423 280 504 Quidanus‚
297 423 409 489 doctor
424 437 521 488 sanus
724 428 752 486 7.
778 422 885 502 Larga
899 437 1012 486 manue
1027 425 1061 488 et
1075 419 1213 503 benigna

83 509 246 576 Laborat
259 507 293 573 in
306 505 410 588 vinea,
779 505 953 588 Largitatis
970 505 1190 586 servatdigna

85 595 225 660 Contra
239 595 366 674 gentem
382 590 593 658 barbarorum
780 589 1037 656 Exvirtuteliei
1053 589 1150 671 digna

85 678 232 744 Bellum
246 676 307 741 init
321 677 354 741 in
368 692 529 740 armerum
778 675 948 755 Nunquam
964 673 1058 738 carie.

88 763 180 830 Zelo
195 761 350 826 iustitiae.
779 757 847 822 Rex
863 757 1020 837 oswalde,
1034 775 1090 822 rex
1104 755 1289 838 Augurum,

89 846 260 926 Gumpro
276 841 585 923 Christemilitatur,
779 840 1235 921 Nuncconcivisangelcrum,

92 929 228 996 Christi
241 933 364 1010 martyr
381 926 569 1009 declaratur,
779 927 863 992 Audi
878 943 990 1008 preces
1009 924 1207 990 servulorum

91 1011 443 1080 Stratusabarbarie.
780 1007 1144 1094 Supplicantumhodic.

27 1105 61 1164 6.
92 1097 203 1164 Humi
218 1097 293 1177 ruit,
310 1114 403 1162 cruor
416 1093 489 1160 fluit
722 1101 752 1160 8.
777 1095 815 1159 ln
829 1095 947 1160 natalis
962 1093 1010 1158 tui
1025 1091 1108 1158 festu

90 1184 189 1248 Loca
203 1199 261 1265 per
275 1180 449 1262 graminea.
779 1178 886 1246 Plebis
900 1181 977 1243 tuae
990 1195 1112 1242 memor
1126 1181 1206 1255 esto,

96 1263 336 1332 Glebabibcns
352 1269 616 1329 sanctumrerern
779 1263 823 1328 Et
836 1267 992 1345 patrunus
1006 1261 1099 1326 nobis
1114 1265 1185 1326 estc

94 1347 598 1430 Morbcslugatetlangucrem,
779 1345 875 1430 Apud
888 1363 998 1427 regem
1013 1343 1144 1426 gloriae,

95 1431 488 1514 Sanitatisdatvigcrem
780 1432 881 1510 Quem
896 1431 965 1496 sine
977 1427 1042 1495 fine
1054 1428 1189 1495 landant

96 1516 408 1584 Medicandcvarie.
780 1516 897 1582 Omnes
912 1514 990 1581 recti
1005 1512 1110 1580 corde.

115 1625 216 1681 Text.
253 1625 353 1682 Daniel
379 1625 413 1694 V,
443 1627 493 1678 157
521 1625 571 1680 hat
599 1625 644 1680 die
670 1629 688 1678 2
716 1629 807 1678 craten
835 1623 930 1678 Zeilca
958 1639 1011 1678 aua
1039 1621 1100 1676 dem
1130 1619 1196 1677 (iod.
1224 1619 1250 1674 S.
1276 1615 1347 1673 Gall.

34 1699 173 1826 {amelli
186 1697 358 1823 l(liranrler).
393 1695 452 1752 Die
469 1695 618 1765 Abselura'ft
644 1697 693 1751 der
710 1695 836 1764 Sequana
863 1711 915 1749 uus
944 1695 1046 1749 diesem
1064 1693 1130 1750 Ocd.
1148 1688 1286 1746 nudante
1302 1687 1349 1742 iela

73 1811 79 1823 .
134 1784 204 1824 cre.

620 1885 795 1892 ...μυ-...μμ-

353 1989 424 2052 684.
467 1984 519 2052 De
540 2007 566 2050 s.
594 1987 738 2054 Oswalrio
758 2007 828 2070 repe
848 1991 878 2052 et
897 1990 1047 2067 martyre.

45 2129 73 2187 1.
101 2123 171 2187 Rex
187 2118 355 2186 Oswuldus
371 2119 411 2185 ab
426 2119 601 2201 Anglorum
777 2120 837 2185 Hic
853 2117 970 2184 devicit
983 2121 1087 2182 morte
1102 2119 1236 2181 mortem

100 2205 213 2286 Regno
228 2203 336 2284 regnis
353 2203 538 2285 angelorum
780 2203 943 2268 Christum
958 2219 1093 2284 sequens
1108 2199 1200 2265 fortis
1222 2198 1348 2272 fortem,

100 2287 162 2354 Est
176 2287 330 2368 invectus,
345 2305 405 2353 nee
419 2287 576 2353 uictorum
778 2287 910 2368 Iamque
925 2287 1005 2352 coeli
1020 2285 1106 2368 capit
1120 2289 1238 2350 sortem

102 2371 216 2438 Palma
230 2371 332 2436 victur
347 2371 467 2437 canuit:
777 2369 1183 2452 Nobisfactusspeculum.

104 2455 197 2522 Omni
211 2453 338 2536 fulgens
354 2456 525 2521 sanctitate
722 2461 750 2522 3.
777 2455 856 2536 Regi
874 2473 985 2538 regum
1000 2471 1057 2518 rex
1072 2452 1197 2532 dilecte,

106 2539 169 2606 Sed
184 2539 355 2622 praecipue
370 2539 485 2606 beatae
777 2537 874 2605 Cuius
890 2539 1026 2604 coelicus
1041 2537 1153 2602 effecte

105 2623 238 2689 Pietatis
251 2623 404 2706 largitate
776 2623 875 2690 Nobis
891 2617 1283 2702 christumregemflecce

105 2707 209 2772 Huius
225 2706 338 2773 dextra
356 2706 481 2773 claruit.
777 2707 844 2772 Piis
860 2706 1104 2789 supplicatibus:

55 2797 82 2855 2.
108 2791 155 2857 Ob
170 2789 230 2854 hcc
244 2809 357 2857 manus
373 2795 439 2856 tam
454 2788 592 2870 benigna
775 2789 971 2872 Utaculpis
985 2789 1196 2866 absolvamur,

105 2873 272 2954 Nunquam
286 2881 417 2954 marcet,
431 2879 469 2940 ut
482 2875 562 2940 haec
578 2873 675 2956 digna
776 2875 820 2940 Et
834 2873 874 2939 ad
890 2874 973 2942 bena
987 2874 1172 2955 dirigamur,

108 2957 228 3022 Tantae
243 2958 402 3041 largitatis
418 2959 509 3041 signa
776 2957 993 3024 Tenebrarum
1008 2977 1048 3024 ne
1063 2955 1230 3023 tradamur

108 3041 256 3109 Maneant
269 3043 302 3110 in
319 3044 500 3110 saeculum:
776 3041 862 3107 Diris
876 3043 1104 3125 potestatibus.

121 3148 212 3206 Text.
249 3151 348 3208 Daniel
366 3153 400 3222 11,
421 3155 470 3209 161
491 3167 507 3206 e
526 3151 592 3208 cod.
611 3165 684 3205 men.
706 3153 746 3204 10.
767 3164 838 3208 saec.
858 3151 920 3206 ΧΠ.
949 3151 1061 3222 „Verba
1081 3149 1213 3219 strophae
1231 3146 1345 3201 tertiae:

54 3222 148 3278 cuins
166 3223 248 3278 ecel.
268 3225 308 3280 af.
328 3231 460 3294 corrupta
479 3222 577 3280 (luco.“
612 3221 720 3277 Daniel.

436 3499 505 3564 685.
547 3495 601 3562 De
620 3515 646 3561 a.
675 3495 824 3562 Otiamuro
846 3493 965 3560 abbate.

554 3612 594 3681 (S.
613 3611 668 3668 No.
687 3615 748 3668 582.
767 3615 841 3683 732.)

457 3727 572 3796 (Auctor
591 3733 633 3782 ast
651 3727 760 3782 Notlrcr
777 3725 931 3797 Balbulus.)

80 3848 104 3908 1.
125 3841 178 3908 Eia
192 3841 308 3910 iratres
323 3845 388 3912 cari
403 3843 610 3914 festivitatem
625 3847 727 3913 sancti

80 3932 105 3991 2.
126 3925 241 4024 Otmari
255 3930 356 4010 patris
370 3947 513 4011 agamus,
529 3932 707 3999 exultantes
721 3929 838 4014 gaudio
852 3928 956 3997 sancti
969 3929 1112 4011 spiritus,

79 4015 105 4076 3.
126 4008 215 4078 Ourna
229 4011 366 4093 gratiam
381 4032 439 4095 per
453 4015 523 4080 eius
538 4017 685 4081 meritum
700 4032 759 4081 nce
773 4015 923 4097 consequi
939 4031 1033 4096 posse
1047 4009 1215 4078 credimus.

80 4099 106 4160 4.
124 4093 270 4162 Laetetur
284 4095 400 4164 Suevia
413 4099 513 4179 prelis
528 4103 638 4164 tantae
653 4099 792 4180 glorioso
806 4103 911 4180 partu,
926 4095 1063 4164 secunda
1077 4095 1214 4176 dominc,

80 4186 106 4248 5.
125 4177 247 4244 Exultat
260 4180 384 4248 iuvenis
400 4181 482 4248 tanti
496 4184 603 4247 nutrix
619 4181 781 4249 curiensis
794 4183 1002 4248 Retiancrum
1017 4181 1114 4263 regio.

80 4266 105 4330 6.
124 4261 198 4328 Eece
211 4264 274 4330 iste
290 4269 349 4342 est,
366 4265 420 4348 qui
436 4266 584 4333 sacerdes
600 4267 633 4331 in
649 4267 763 4332 diebus
779 4267 845 4332 suis
858 4268 926 4332 Deo
946 4263 1142 4347 complacens

82 4351 106 4410 7.
125 4346 232 4430 Legem
249 4347 368 4415 Christi
383 4350 590 4418 custodiendo
606 4349 823 4416 reconciliavit
837 4351 988 4417 mundum
1004 4349 1141 4416 demine.

82 4434 108 4494 8.
127 4430 351 4501 Candelabrum
365 4435 474 4516 ponite
487 4433 604 4501 iratres
619 4435 768 4500 lucernae
781 4433 855 4500 huic
869 4453 1012 4510 aureum,

83 4519 107 4581 9.
125 4513 164 4581 Ut
177 4515 311 4583 sublime
325 4518 429 4600 posita
444 4519 564 4586 clarum
579 4519 745 4585 iocundius
759 4525 891 4602 spargat
904 4520 1020 4601 lumen,

68 4600 108 4662 10.
126 4597 162 4667 at
174 4599 347 4670 diabolicos
360 4602 451 4670 radic
466 4604 560 4688 longe
573 4603 673 4688 pellat
687 4619 820 4685 errores,
