3218 5234
691 172 920 236 ..144-

176 353 205 416 6.
227 351 365 448 Magnus
389 351 544 450 Dominus
571 356 604 418 et
628 352 784 420 mirabilis
809 353 897 418 Deus
922 353 1118 420 incredulum
1141 373 1194 420 cor
1216 355 1337 423 sedulis
1359 354 1443 422 affici

177 525 205 583 1.
227 519 265 584 In
280 435 517 668 mffirlrrdlaichlrtlellzago
533 519 690 586 fluctuans
706 525 742 586 ut
756 539 896 604 propago
912 521 1069 588 eximatur
1084 521 1280 588 credentium
1301 525 1461 606 1111111-

329 621 344 667 1
381 622 416 668 11
432 623 507 672 rum.

176 691 206 752 8.
229 687 471 770 Appropinquat
493 689 534 753 ad
556 687 666 754 littera
689 693 721 753 et
742 688 951 756 beatitudinis
975 689 1128 756 derelicta
1143 709 1213 755 curn
1230 691 1369 758 anchora
1384 693 1462 758 nari

304 770 528 837 sollicitudinis
542 776 639 854 atque
653 772 872 854 turpitudinis.
1240 839 1251 856 ‚

176 859 205 919 9.
229 852 321 921 Unde
335 855 396 920 Dei
411 856 574 937 genitricis
587 855 707 922 Mariae
724 858 887 940 conceptio
910 857 1122 940 remigantum
1145 857 1310 924 adiutricis
1332 858 1459 924 colatur

302 938 353 1003 vel
367 940 487 1005 creatio
503 941 571 1006 eius
586 941 675 1006 velut
689 942 786 1006 natio.

158 1027 206 1088 10.
228 1021 417 1089 Exhortatio
439 1024 525 1105 quod
545 1029 656 1090 sancta
677 1025 877 1091 demonstrat
901 1029 934 1091 et
948 1025 1089 1091 narratio
1104 1030 1209 1090 terrae
1225 1025 1377 1106 Anglicae
1392 1027 1458 1091 iam

304 1107 470 1188 divulgata
483 1126 503 1172 1
517 1108 664 1190 pontifice
679 1110 731 1190 pia
746 1113 779 1174 et
793 1113 881 1174 recta
895 1110 976 1175 ratio
992 1111 1103 1176 credat
1112 1109 1172 1175 hoc
1185 1109 1359 1176 catholicae
1370 1112 1458 1190 quod

304 1196 415 1256 sancta
430 1192 472 1257 sit
486 1193 648 1273 conceptio
664 1211 683 1258 a
698 1192 765 1257 Deo
779 1192 920 1258 mirifice.

158 1278 205 1340 11.
229 1274 340 1340 Abbaa
354 1273 517 1342 Helisinus
531 1275 707 1356 Anglorum
722 1278 806 1357 regis
821 1295 919 1358 sagax
933 1277 1066 1342 nuncius
1082 1295 1101 1340 1
1115 1275 1211 1342 Dacis
1231 1275 1357 1341 rediens
1377 1296 1457 1342 nau·

304 1357 406 1440 fregio
432 1377 466 1424 se
491 1359 661 1426 subiiciens
686 1359 819 1428 undosis
841 1363 881 1428 ab
901 1361 1085 1443 impetibus,
1107 1361 1203 1425 remis
1219 1361 1339 1440 1111111,
1362 1359 1457 1428 111111

304 1443 421 1522 nautis,
436 1444 561 1526 patiens
576 1443 758 1526 desperavit
771 1446 898 1528 penitus
914 1445 952 1513 de
966 1446 1033 1511 vita
1047 1463 1104 1512 ceu
1118 1445 1267 1510 moriens.

160 1529 208 1590 12.
231 1525 282 1592 hd
296 1526 399 1592 Deum
414 1528 507 1593 triste
523 1528 672 1593 clamavit
687 1547 783 1594 sonus
797 1533 981 1594 nautarum:

158 1615 207 1676 13.
230 1611 421 1676 Nostrarum
436 1610 561 1677 Christe
574 1611 757 1695 redemptor
771 1613 815 1679 sis
831 1613 1023 1678 animarum!

157 1698 206 1758 14.
231 1694 398 1777 Virginum
412 1699 502 1776 virgo
517 1702 607 1762 casta
621 1696 745 1763 miseris
759 1698 850 1764 nobis
865 1703 946 1777 asta,
961 1715 1001 1762 ne
1017 1715 1195 1779 pereamus,
1212 1697 1301 1763 salva
1315 1697 1386 1762 noa!

158 1783 206 1844 15.
228 1779 454 1930 Moxbhlffldam
473 1777 628 1846 infulatus
649 1799 705 1864 per
726 1781 881 1864 virginem
903 1782 1120 1864 translegatua
1147 1781 1374 1847 consolabatur
1398 1781 1457 1846 tri-

361 1867 441 1930 1111.

159 1951 206 2012 16.
229 1947 327 2096 Cuiuls
352 1948 572 2097 desiderffnter
597 1948 725 2015 monitis
749 1949 852 2016 abhas
876 1947 986 2016 favens
1010 1949 1097 2014 mitis
1122 1949 1329 2031 tranquillum
1355 1949 1459 2031 carpit

318 2033 396 2097 ittus
410 2033 480 2098 inco
494 2033 586 2098 umis.

159 2120 206 2180 11.
230 2115 475 2197 Conceptionem
501 2121 535 2181 et
558 2115 683 2198 peregit
707 2114 868 2184 fantasma
893 2135 950 2181 ceu
976 2116 1083 2198 exegit
1106 2117 1140 2182 iu
1165 2135 1223 2181 suo
1249 2117 1400 2183 coenobio
1423 2121 1459 2182 ut

306 2199 438 2282 pepigit.

159 2287 207 2348 18.
229 2283 299 2349 Hoc
322 2284 420 2350 levita
444 2283 650 2350 solennisavit
674 2284 801 2365 festum,
828 2285 875 2351 ita
898 2286 1001 2351 cultor
1025 2285 1158 2350 devotus
1183 2284 1304 2351 Mariae
1329 2302 1399 2350 cum
1420 2283 1457 2350 fit

305 2367 500 2450 patriarchia
514 2368 690 2449 Aquileiae.

160 2455 208 2516 19.
231 2451 280 2518 Ob
295 2469 483 2536 responsum
502 2451 634 2532 virginis
653 2454 767 2519 matris
789 2472 824 2519 se
845 2471 994 2535 sponsam
1014 2452 1150 2518 carnalis
1172 2453 1322 2519 lasciviae
1336 2468 1456 2534 negans

144 2551 153 2574 ·
306 2536 454 2602 adhaesit
468 2536 693 2602 continentiae.

157 2623 207 2685 20.
230 2619 335 2687 Patris
349 2620 471 2686 vultum
486 2619 564 2686 11111
578 2618 702 2702 fulgore
715 2639 773 2704 per
788 2623 908 2687 cultum
923 2620 1039 2686 merrut
1053 2637 1148 2686 orans
1160 2621 1268 2686 videre
1284 2620 1379 2686 huius
1394 2620 1457 2686 diei

98 2765 107 2776 .
204 2721 206 2726 ’
306 2703 424 2772 festum
439 2709 472 2770 et
487 2703 639 2787 pandere.

157 2792 207 2853 21.
230 2787 273 2856 Et
287 2791 453 2886 presbyter
467 2789 598 2885 quidam
612 2787 709 2856 maris
723 2788 844 2870 pariter
858 2787 1001 2855 incastus
1015 2789 1126 2854 volens
1140 2789 1245 2856 redire
1260 2789 1301 2854 ad
1317 2807 1375 2855 sua
1385 2806 1458 2853 mox

158 2960 207 3020 22.
231 2956 259 3020 A
284 2875 659 3054 mcaoligltuffihlrhehunc
682 2957 771 3039 pium
796 2973 854 3036 per
878 2955 1057 3022 conflictum
1085 2957 1271 3038 imperatrix
1298 2956 1459 3022 revocavit

307 3059 445 3138 umoque
470 3045 656 3122 imperant,
683 3047 719 3107 ut
743 3040 803 3105 hoc
828 3037 943 3106 festum
968 3041 1143 3108 celebraret
1173 3048 1206 3106 et
1234 3039 1458 3106 celebrandum

158 3210 208 3272 23.
230 3205 292 3273 Η11
305 3125 579 3276 Frcrgtffilhzrreetmita
594 3207 714 3306 iecerat
730 3209 785 3273 ita.
809 3205 878 3290 Eya
893 3207 1053 3305 salvenes
1068 3207 1179 3286 Maria,
1197 3227 1235 3272 ne
1251 3208 1458 3288 submergant

307 3293 409 3360 maria
422 3295 483 3360 tih1
498 3299 554 3359 tua
567 3292 741 3359 mrhtantes
755 3297 788 3358 et
802 3290 954 3374 suffragia
968 3291 1185 3375 umplorantes.

158 3381 208 3442 24.
231 3375 334 3443 Tuum
348 3376 447 3444 filium
461 3376 512 3442 iac
525 3377 617 3442 nobis
632 3376 807 3470 propicium
822 3395 860 3443 ex
875 3381 908 3443 11
921 3381 1041 3442 natum.
1072 3376 1183 3441 Amen.

228 3484 325 3543 Text.
362 3486 440 3544 11111.
459 3483 534 3555 Meg.
555 3487 632 3542 1507.

710 3627 907 3636 ἡὴ.-

407 3747 476 3808 180.
520 3741 571 3808 De
586 3742 783 3823 concepti-oce
798 3742 905 3810 beatae
920 3739 1052 3806 Mur-iae
1065 3737 1210 3821 virginis.

161 3885 187 3943 1.
215 3875 278 3941 Cor
293 3875 443 3942 devotum
460 3875 602 3940 elevetur
890 3873 936 3938 Ut
950 3873 1074 3940 fructus
1089 3873 1155 3940 exit
1170 3893 1189 3939 a
1204 3875 1282 3939 tiore

215 3959 259 4024 Et
273 3959 387 4027 devote
401 3959 580 4026 celebretur
889 3957 932 4023 Et
946 3959 1102 4041 producta
1116 3977 1187 4024 cunr
1202 3959 1323 4041 pudore

215 4043 358 4124 Virginis
373 4045 555 4127 conceptio:
890 4043 1068 4108 Praesente
1082 4060 1140 4124 per
1155 4041 1264 4108 filium.

215 4127 309 4192 Mens
324 4145 432 4192 amore
447 4127 662 4192 inflammetur
836 4131 864 4192 3.
890 4125 979 4192 Sicut
993 4144 1046 4191 ros
1062 4145 1125 4192 non
1140 4125 1362 4221 corrumpitur,
1460 4192 1466 4200 ,

214 4210 258 4275 Ε1
273 4210 373 4276 amori
390 4211 555 4292 copuletur
891 4209 1023 4286 Quando
1038 4210 1071 4274 in
1085 4213 1172 4274 terra
1185 4210 1327 4290 gignitur

213 4295 300 4360 Laus
315 4299 349 4358 et
362 4293 517 4360 iubilatio.
890 4293 1048 4358 Elementi
1062 4293 1223 4374 rubigine:

160 4381 189 4443 2.
217 4377 307 4444 Η111
322 4382 476 4459 concepta
490 4377 571 4442 miro
587 4395 675 4442 more
890 4377 942 4444 Sic
956 4377 1046 4458 uirgo
1062 4395 1124 4440 non
1138 4375 1286 4456 inficitur,

212 4463 274 4528 Est
288 4467 325 4527 ut
339 4479 412 4526 1111
427 4477 498 4526 cum
514 4461 617 4526 nitore
891 4461 970 4528 Cum
984 4462 1017 4526 in
1032 4463 1133 4525 matre
1148 4463 1334 4543 concipitur,

214 4546 257 4612 Et
271 4551 307 4611 ut
322 4545 461 4612 candens
482 4543 595 4610 lilium:
891 4544 1046 4628 originali
1060 4543 1200 4610 crimine.
