3186 5254
679 210 910 274 ..mg-

436 399 507 461 691.
550 393 603 461 Dc
623 413 648 459 s.
671 391 822 460 Rernuclo
842 392 876 460 S.
902 391 992 458 Galli
1014 389 1162 458 Puirorw.

145 515 224 583 ((111.
250 519 304 572 611
330 519 362 572 in
389 517 577 587 Fraulcreicls,
605 525 658 577 653
676 521 801 590 Biscios
815 523 847 576 in
865 521 1027 588 Masin'clct,
1054 525 1122 592 qest.
1149 535 1186 574 ru
1210 517 1319 576 &eblo
1342 533 1400 574 um
1420 518 1474 572 dac

569 591 597 647 1.
616 596 677 664 668,
696 594 806 648 veretri
824 609 870 648 am
889 597 913 648 5.
932 593 1022 662 Sept.)

170 725 196 784 1.
218 719 329 786 Laude
344 719 461 787 celebri
476 723 608 804 dignuin
623 725 726 788 mater
740 723 876 790 ecclesie
890 726 1073 789 sanctorum

168 808 196 868 2.
219 803 322 871 Hodie
336 803 466 871 beatum
480 808 626 874 concinat
639 807 725 873 laeta
739 804 934 886 Remuclum,

168 893 197 952 3.
220 889 258 954 In
273 887 340 954 eius
354 885 479 956 festivis
493 892 631 957 reboans
646 891 746 956 melos
761 891 895 974 gaudiis,

96 1042 98 1046 .
167 977 197 1037 4.
219 971 394 1038 Multorum
409 974 507 1040 saluti
522 976 628 1056 gratie
665 993 735 1040 uem
751 973 951 1058 profuturum
968 973 1087 1039 domini

168 1061 197 1122 5.
220 1055 302 1122 Ortu
316 1057 417 1140 prolis
433 1064 543 1125 mntne
558 993 683 1127 beania
697 1060 809 1143 genuit
822 1057 1008 1154 Aquitanis

168 1145 197 1204 6.
220 1139 283 1206 Per
298 1159 423 1207 ornnem
439 1161 566 1208 cursum
581 1144 667 1210 vitue
681 1145 736 1226 qui
751 1160 876 1210 emnem
891 1140 1157 1222 christipotens
1174 1143 1308 1222 pectore

168 1229 198 1289 7.
220 1225 265 1290 Et
278 1225 311 1290 in
326 1228 392 1293 veri
407 1227 536 1294 luminis
552 1227 679 1294 rudium
694 1245 819 1312 semper
832 1227 966 1293 tendens
982 1225 1131 1304 animum,

168 1313 198 1373 6.
220 1309 401 1376 Promeruit
414 1319 542 1396 patrum
557 1312 652 1378 leude
667 1312 728 1378 coli
741 1311 930 1394 priscorum,

135 1449 138 1456 .
168 1397 198 1458 9.
221 1391 414 1476 Prophetics
427 1402 534 1462 mente
547 1395 685 1478 benigna
699 1396 840 1462 absentis
855 1395 916 1462 sibi
929 1409 1140 1477 praenoscens
1156 1391 1332 1458 desideria.

149 1481 198 1542 10.
220 1476 282 1543 Hic
295 1478 371 1544 vitis
386 1497 543 1562 supernae
558 1479 699 1546 creditur
720 1479 843 1564 palmes
857 1495 940 1557 vere,
964 1477 1140 1561 apostulus,
1160 1493 1263 1559 aeque
1285 1475 1413 1558 operis
1435 1489 1473 1538 nc

297 1559 458 1644 dogmatis
471 1564 578 1630 virens
592 1563 748 1631 fructibus
762 1563 968 1641 laetissimus,

150 1647 198 1708 il.
221 1645 305 1711 Hinc
319 1651 440 1727 quanta
454 1664 525 1713 cum
541 1646 667 1714 Christo
686 1651 800 1730 regnet
821 1647 925 1729 gloria
945 1645 1083 1730 probunt
1097 1661 1179 1728 quse
1193 1642 1271 1710 iecit
1284 1642 1470 1711 miracula.

150 1733 198 1793 12.
222 1729 272 1795 Ad
288 1730 357 1816 eius
372 1731 573 1814 sepulchrum
589 1732 669 1797 nulli
684 1732 777 1799 venie
789 1736 935 1812 negatur,
951 1729 1006 1812 qui
1021 1730 1072 1812 pie
1086 1735 1246 1810 precatur.

151 1815 198 1877 13.
221 1814 258 1878 In
273 1815 424 1880 membris
438 1816 593 1881 contracti
609 1819 731 1882 cunctis
745 1815 797 1881 hic
811 1821 975 1892 sanentur,
1178 1847 1180 1852 v

150 1899 199 1962 14.
223 1895 332 1962 Stricti
348 1900 469 1964 catenis
484 1899 663 1966 liberantur
678 1901 846 1981 orbatique
860 1899 931 1963 visu
946 1897 1117 1962 luminibus
1134 1897 1304 1964 laetentur.
1551 1925 1553 2006 i

150 1985 198 2046 15.
221 1979 283 2048 Hic
297 1981 426 2080 linguae
442 1981 581 2082 claustra
594 1983 712 2050 tacitae
723 1984 917 2080 reserantur,
933 1986 1029 2063 cique
1040 1980 1177 2047 febrium
1192 1981 1240 2046 vis
1254 1980 1409 2058 sedatur,
1426 1995 1465 2042 ec

149 2149 197 2211 16.
220 2146 252 2244 0Ι
263 2067 937 2248 ῖαῗρέιῗεῐὲῗιἐῢέἒῑὲᾱέοῗέἐίῗυὲἴὲἰᾚΙθ,
953 2148 1153 2246 sucerdotunr
1169 2149 1276 2225 decus,

149 2234 196 2294 11.
218 2228 299 2310 Tibi,
324 2239 427 2330 nster,
453 2235 680 2384 replebamur,
711 2241 748 2301 ut
771 2233 901 2316 iugibus
927 2251 986 2300 nos
1011 2251 1044 2299 rn
1068 2234 1170 2316 culpis
1195 2232 1258 2298 heu
1282 2233 1461 2316 prolapsos

54 2363 164 2384 ᾖ,
296 2333 565 2385 mmmm

150 2399 199 2460 18.
221 2397 266 2464 Et
286 2335 392 2468 tectim
407 2337 524 2486 senonen
538 2367 687 2468 redeunti
702 2418 906 2467 occurremus
922 2400 1021 2468 elbuti
1037 2404 1125 2468 veste
1137 2399 1284 2483 nuptiali.

218 2503 310 2564 Text.
347 2511 413 2566 Ood.
432 2509 622 2569 66111110.
641 2512 695 2567 616
714 2509 875 2577 (Brendcrlz
903 2509 1042 2579 „Pulchre
1111 2509 1207 2566 uentis
1225 2507 1407 2580 antiquorum
1428 2504 1454 2558 S.

146 2574 325 2650 emensum,
343 2582 419 2639 tituli
436 2581 576 2639 Meter.“
612 2581 670 2638 Dic
687 2580 836 2649 1111111611
853 2524 1112 2637 1111111618ῗῖ
1131 2579 1230 2638 Metel.

618 2904 688 2970 696.
732 2900 784 2970 De
805 2919 831 2968 s.
854 2899 972 2967 Recto.

198 3018 278 3088 ((111.
297 3024 433 3078 1111181
451 3037 489 3078 su
506 3021 695 3096 Montpcllier,
713 3031 782 3098 qest.
801 3027 844 3082 16.
863 3022 1036 3096 1111327,
1055 3021 1165 3080 cerem
1184 3023 1400 3096 11616119.)

146 3152 174 3216 1.
202 3149 369 3219 Gloriosus
385 3151 579 3236 suffragetur
819 3161 848 3222 4.
874 3157 1050 3223 Percussus
1065 3152 1156 3221 iebrc
1171 3157 1275 3234 scuta,

201 3232 490 3318 Sanctusiiochus,
509 3237 690 3306 consolatur
875 3237 1301 3306 Transiirnscoxnsinistrs

202 3321 332 3388 (iunctis
346 3323 555 3389 venerabilis:
877 3323 1015 3390 Gallium
1029 3322 1188 3390 visitavit:

200 3405 321 3472 Doctus
337 3405 583 3488 scriptisscncti
597 3405 688 3473 Peuli
875 3409 913 3474 In
928 3407 1070 3492 paternis
1084 3412 1122 3472 ut
1137 3406 1275 3473 traditor

202 3488 314 3571 Coepit
329 3505 444 3572 corpus
463 3491 623 3572 castigarc
876 3491 1023 3572 Quinque
1038 3489 1130 3556 annis
1144 3495 1333 3569 maceretur,

199 3573 534 3641 Adolescensnobilis
877 3575 1223 3642 Carceremsustinuit.

145 3651 174 3712 2·
202 3656 328 3740 Oppida
341 3662 477 3740 paterne
490 3658 649 3740 linquens,
819 3656 848 3716 5·
875 3659 1048 3727 Tricesimo
1064 3663 1097 3724 et
1112 3657 1251 3725 secundo

202 3739 650 3824 Perabnculoquegrndiens,
873 3742 1164 3824 Migruvitdevita
1182 3760 1275 3821 anno,

200 3824 285 3892 Exul
300 3825 427 3907 quaerit
440 3825 554 3892 italos:
878 3826 1006 3894 nnotis
1020 3827 1199 3908 ignoratus:

199 3907 561 3990 Romnmaliuqueloce
876 3909 1328 3988 Tuncoravitaddominun

200 3992 528 4074 Pactuleium,
874 3995 1328 4062 Utinvocunsncrnensuurn

200 4076 302 4144 cruce
315 4077 442 4143 sensuit
456 4094 579 4160 aegros.
875 4083 1010 4160 Aperte
1026 4085 1226 4145 sanarentur.

145 4153 174 4215 3·
201 4161 387 4257 Principstu
402 4177 438 4226 se
452 4162 606 4229 abdicans
820 4155 849 4216 6·
876 4163 993 4230 Omnes
1007 4168 1097 4246 peste
1111 4163 1306 4238 laborantes,

199 4243 244 4311 nt
258 4261 365 4326 aegris
380 4241 576 4313 distribuens
875 4247 925 4313 Ad
939 4246 1083 4314 Rochum
1098 4245 1319 4327 confugientes

200 4328 427 4411 Paupertatem
442 4327 549 4411 eligit:
875 4331 1010 4397 Trucenr
1025 4331 1165 4398 evadunt
1178 4333 1331 4396 mortem:

202 4411 384 4478 Placentiae
399 4411 586 4494 pestilentes
874 4415 963 4480 Haec
979 4415 1012 4480 in
1025 4414 1138 4480 tubnls
1153 4413 1315 4496 descripta

201 4497 240 4563 In
254 4495 393 4579 hospitio
410 4495 572 4578 degentes,
874 4497 992 4564 Latere
1007 4499 1076 4565 eius
1091 4504 1219 4582 repertu

200 4579 622 4664 Morboseunctossubigit.
875 4581 966 4649 Hanc
980 4583 1165 4651 continebat
1180 4584 1308 4650 sonem.
