3218 5234
708 264 939 330 ..100-

352 463 422 524 112.
464 453 566 524 Fetr'o
585 458 675 520 scala
693 452 729 519 ia
750 451 833 520 aldis
859 451 960 538 (forta
981 449 1125 548 ILpost
1143 469 1226 533 pasc
1264 448 1295 534 ).

583 573 699 643 (Auctor
723 576 766 626 est
783 569 892 626 Notker
910 567 1065 636 Balbulus.)

177 687 204 748 1.
225 682 259 748 Is
274 680 327 762 qui
343 679 430 763 prius
444 677 590 744 habitum
605 676 772 742 mortalem
786 674 891 740 induit
904 677 1105 756 pugnaturus
1116 671 1296 738 immortale
1310 671 1373 738 iam
1388 692 1489 740 nunc

175 770 204 832 2.
226 767 407 846 Resurgens
429 766 462 826 et
479 761 667 845 inpassibile
686 778 800 842 corpus
819 759 954 842 sumpsit
975 759 1190 840 imperaturus
1210 757 1305 823 coelis
1325 760 1358 823 et
1377 757 1487 824 terris

324 846 461 914 otmari.
1019 854 1021 861 ’

176 939 205 1000 3.
228 931 291 1010 Qui
304 931 345 996 ad
361 947 545 996 consessum
560 927 667 996 Patris
683 927 750 994 eius
766 927 924 994 exaltatus
939 943 1036 993 manu
1051 925 1183 993 dextera

175 1022 205 1083 4.
227 1015 308 1081 Inde
321 1033 450 1081 cursum
463 1012 648 1080 fluminibus
663 1013 720 1078 dat
734 1015 767 1079 et
781 1029 900 1092 vocem,

176 1105 204 1166 5.
227 1101 271 1166 Et
285 1100 492 1165 christianum
507 1098 616 1164 orbern
630 1096 737 1164 firmat
756 1113 882 1178 semper
897 1099 930 1160 et
944 1095 1084 1161 marinos
1099 1093 1215 1161 fluctus
1231 1093 1483 1177 compescitur,

176 1189 205 1250 6.
226 1184 272 1250 Ut
286 1183 402 1250 stabile
416 1181 588 1248 fundamen
603 1181 756 1247 ccclesiae
771 1199 846 1246 suae
861 1183 1011 1263 potenter
1025 1181 1203 1261 componat,

176 1275 205 1335 7.
227 1268 271 1334 Et
285 1268 398 1334 domus
413 1267 481 1334 eius
495 1266 697 1349 splendescat
710 1265 743 1332 in
757 1265 852 1330 finem
866 1282 969 1346 usque
983 1263 1115 1328 dicrum.

247 1393 272 1432 a.
292 1375 388 1432 Text.
423 1375 507 1432 Mene
525 1375 578 1431 No.
600 1377 648 1428 151
670 1375 706 1445 (l,
725 1373 788 1442 205)
807 1388 874 1428 aas:
901 1371 953 1426 Hs.
973 1373 1023 1427 der
1041 1369 1208 1441 stomaticen
1226 1369 1312 1424 Adtca'
1329 1369 1483 1425 Mardacfa

174 1451 215 1505 im
234 1447 404 1514 Oderelsase,
418 1446 492 1515 jaer
510 1463 547 1502 aa
566 1445 686 1500 colmar.
721 1447 765 1498 12.
783 1442 884 1500 Jahrb.
909 1443 963 1515 (A).
999 1441 1053 1498 Hs.
1077 1457 1114 1498 aa
1136 1440 1177 1496 St.
1206 1440 1307 1496 Gclfcn
1330 1440 1386 1496 No.
1411 1443 1482 1496 378.

176 1539 202 1592 p.
222 1523 276 1576 204
293 1520 345 1574 mit
363 1519 489 1574 Naaman
507 1517 550 1590 (Β)
568 1517 628 1572 aad
637 1515 903 1586 dchests'mmaap:
922 1513 1299 1582 dominicallpostpascha,
1317 1516 1361 1566 10.
1371 1510 1481 1567 Jahrb.

114 1639 122 1654 .
175 1591 229 1647 Hs.
248 1607 286 1646 aa
303 1590 344 1646 St.
364 1589 465 1644 Golden
482 1589 537 1644 No.
557 1591 654 1658 3801).
676 1591 734 1642 170.
753 1591 797 1642 11.
814 1585 915 1642 Jahrb.
934 1588 986 1640 mit
1003 1584 1128 1640 Naaman
1146 1583 1188 1653 (Ol
1207 1585 1267 1638 aad
1285 1583 1483 1638 dcchisata

175 1666 216 1718 im
244 1662 331 1717 Titcl:
359 1661 485 1718 decorem
508 1659 605 1716 induit.
641 1659 699 1713 Dic
715 1658 840 1728 Sequens
866 1658 939 1714 steht
964 1657 996 1711 ia
1022 1657 1071 1710 der
1098 1655 1204 1711 Samml
1278 1653 1409 1710 Notfrcrs.
1439 1685 1481 1696 —

175 1734 277 1791 Daniel
294 1733 330 1802 ll,
349 1737 383 1788 bd
401 1733 452 1788 hat
469 1733 515 1788 dic
533 1737 605 1788 crate
623 1729 698 1785 Zeila
716 1747 769 1786 aas
788 1729 853 1787 (lod.
872 1729 947 1786 bion.
966 1729 991 1783 6.
1011 1727 1028 1784 f.
1050 1730 1091 1784 15.
1110 1725 1211 1783 deoH.
1285 1727 1321 1782 'at
1338 1727 1394 1782 mir
1411 1741 1481 1782 oer-

175 1806 284 1878 pla'oleca
303 1805 348 1876 (D)
368 1805 427 1860 aad
444 1804 479 1874 V,
501 1807 550 1860 191
571 1805 624 1858 den
641 1804 713 1858 reat
731 1818 783 1858 aas
801 1801 893 1857 Mona.

247 1896 273 1952 h.
292 1893 480 1950 Lesartca.
516 1897 542 1948 2.
561 1891 633 1948 coeli
651 1892 684 1946 A.
704 1921 738 1932 -
756 1893 781 1944 4.
800 1904 882 1946 voces
900 1889 933 1944 A.
954 1919 987 1930 —
1006 1893 1031 1945 6.
1051 1889 1203 1946 aecclesiae
1222 1887 1256 1942 D.

247 2000 270 2039 c.
288 1981 440 2038 Bemerlr.
477 1980 594 2037 Bartsch
612 1977 642 2034 S.
661 1980 694 2032 31
713 1977 793 2033 thcilt
812 1976 857 2031 die
879 1974 963 2032 Vtrae
981 1976 1083 2033 cadas
1103 1975 1138 2032 od
1157 1975 1201 2032 als
1218 1973 1312 2032 Mona.

522 2255 591 2316 113.
625 2247 668 2314 Ic
681 2248 840 2316 dominica
853 2247 904 2313 II.
914 2252 988 2330 post
996 2246 1132 2329 pasche.

489 2368 605 2438 (Auctor
630 2367 807 2424 Hermannus
835 2367 1000 2424 Contractus
1027 2367 1164 2438 habetur.)

200 2481 227 2540 1.
249 2473 317 2540 Rex
330 2488 452 2554 regum,
467 2469 528 2536 Dei
541 2487 633 2552 agne,
655 2469 706 2536 leo
719 2469 800 2537 luda
814 2488 939 2551 magne,
962 2468 1223 2536 eruce'rirtutum
1237 2486 1324 2535 mors
1338 2473 1476 2553 peceati,

326 2556 394 2626 vita
408 2553 564 2630 iustitiae,
592 2555 671 2621 dans
690 2553 829 2622 fructum
849 2555 914 2620 iam
934 2553 1012 2636 ligni
1027 2553 1111 2619 vitae
1125 2570 1183 2637 pro
1199 2559 1296 2636 gustu
1311 2553 1478 2632 scientiae,

328 2659 386 2725 pro
401 2639 516 2722 rapina
529 2637 661 2722 gloriae.

198 2732 227 2792 2.
251 2725 330 2792 Cum
344 2730 419 2794 tuus
433 2723 563 2805 sanguis
576 2723 627 2789 ius
640 2723 832 2808 romphaeae
845 2722 1010 2790 restrinxit
1018 2721 1192 2803 flammeae,
1207 2719 1348 2803 peradisi
1362 2721 1479 2806 pandit

327 2810 465 2888 hortum,
481 2809 579 2892 stirps
594 2807 803 2890 obedientiae,
819 2807 977 2874 medicina
991 2807 1122 2888 gloriae.

198 2899 229 2960 3.
250 2895 312 2962 Hic
325 2893 395 2959 dies
410 2892 538 2960 Domini
553 2892 697 2966 celebris,
711 2910 773 2989 pax
788 2897 838 2960 est
850 2893 884 2958 in
897 2893 1004 2966 terris,
1018 2890 1126 2972 fulgor
1138 2887 1250 2956 inferis
1265 2891 1297 2957 et
1311 2889 1365 2957 lux
1380 2908 1478 2974 supc-

327 2977 382 3056 ris,
397 2976 467 3043 dies
482 2975 619 3059 duplicis
634 2976 783 3059 baptismi
798 2976 880 3058 legis
895 2981 929 3042 et
942 2975 1109 3057 evangelii.

199 3069 228 3128 4.
252 3060 398 3127 Christus
418 3059 539 3143 pascha
558 3065 609 3128 est
626 3059 768 3127 Domini:
791 3059 867 3126 dum
886 3065 978 3127 vetus
993 3059 1119 3138 transit,
1139 3075 1242 3125 novus
1257 3057 1373 3141 snagin
1395 3058 1477 3128 haec

327 3144 394 3210 dies
409 3145 546 3220 Domini,
561 3143 666 3226 gaude
681 3163 771 3211 mens
786 3161 900 3228 expers
914 3142 1072 3223 fermenti,
1088 3141 1184 3227 plena
1197 3143 1289 3226 panis
1305 3143 1407 3209 azimi.

200 3237 228 3298 5.
251 3228 433 3296 Submersis
447 3229 604 3308 hostibus,
630 3229 765 3311 signatis
783 3227 927 3312 postibus
941 3245 1047 3295 assum
1060 3226 1180 3311 pascha
1194 3233 1288 3295 nocte
1303 3227 1396 3294 domo
1410 3245 1478 3296 una

330 3331 401 3379 eum
415 3313 548 3380 lactucis
562 3313 622 3379 ede
636 3315 825 3395 agrestibus.

200 3403 228 3464 6.
250 3397 410 3465 Accinctis
424 3397 563 3478 renibus,
588 3397 705 3480 pellitis
719 3396 855 3480 pedibus
870 3414 941 3464 cum
955 3396 1070 3464 haculo
1086 3413 1230 3482 propera,
1245 3399 1279 3462 et
1292 3401 1388 3479 caput
1402 3413 1475 3463 cum

326 3481 486 3547 intestinis
501 3487 535 3546 et
549 3481 683 3564 pedibas
697 3501 784 3548 vora.

200 3575 228 3638 7.
251 3565 321 3632 Hac
335 3565 387 3631 die
402 3584 459 3632 nos
474 3565 556 3644 lava,
573 3565 707 3647 Christe,
723 3565 880 3631 mundans
889 3583 999 3648 ysopo,
1014 3565 1066 3631 fae
1076 3569 1110 3630 et
1121 3563 1232 3646 dignos
1243 3563 1303 3630 hoc
1313 3561 1475 3646 mysterio,

326 3667 414 3714 mare
428 3649 560 3728 siccans,
575 3649 749 3715 Leviathan
764 3647 929 3732 perforans
943 3648 1106 3716 maxillam
1120 3649 1214 3716 hamo
1228 3647 1363 3714 armilla.

198 3737 228 3798 8.
251 3731 357 3799 Calice
370 3751 428 3799 nos
442 3731 574 3806 inebria,
590 3733 671 3814 aopi,
686 3734 815 3808 suscita,
833 3733 1030 3800 deterrente
1046 3733 1159 3801 bibens
1173 3732 1206 3798 in
1220 3733 1273 3798 via
1288 3731 1403 3799 damna
1417 3749 1475 3798 no·

329 3823 407 3892 stra,
422 3819 458 3882 tu
472 3813 614 3900 pontifex
628 3815 744 3898 hostia,
760 3817 901 3884 torcular
914 3817 1042 3884 caleam
1056 3824 1093 3884 tu
1108 3835 1179 3882 uva.

198 3904 227 3965 9.
251 3900 278 3966 Ο
292 3897 351 3968 flos
365 3901 527 3984 virgineae
541 3900 658 3983 virgae,
674 3899 822 3983 fragrans
835 3903 930 3984 plena
944 3901 1141 3984 septemplici
1154 3899 1374 3983 rore,lampas
1389 3900 1474 3980 rino,

325 3987 408 4052 lacte
421 3985 594 4069 pulchrior,
620 3986 725 4068 specie
744 4004 837 4052 rosae
859 3985 969 4064 rubor,
994 3984 1054 4051 lilii
1075 3986 1203 4065 candor,
1229 4001 1292 4066 quo
1314 3989 1347 4049 te
1365 3989 1476 4050 tantae

326 4070 513 4136 clementiae
534 4067 674 4150 consilio,
694 4070 891 4136 microcosmi
913 4069 1123 4137 inclinaveras
1142 4069 1270 4148 auxilio,
1292 4071 1330 4134 ut
1349 4065 1475 4134 miseris

325 4154 487 4303 particeps
500 4154 684 4302 {egemptor
697 4171 783 4220 esses
798 4155 920 4238 absque
934 4154 1057 4238 peccati
1072 4171 1183 4230 naevo,
1208 4157 1339 4236 gestans
1352 4149 1471 4217 formu-

338 4253 528 4319 ampeccar
1197 4271 1200 4278 =

178 4328 227 4389 10.
249 4321 526 4402 Oeonsanguinee
541 4321 625 4387 servi
641 4321 776 4404 domine,
799 4339 873 4404 spes
894 4325 1079 4390 anastaseos
1099 4322 1234 4406 primae,
1253 4319 1396 4394 ultimae,
1414 4337 1473 4402 per

323 4404 544 4472 iusiurandum
566 4405 677 4471 semini
692 4406 843 4473 Abrahae
863 4406 955 4472 firma
977 4413 1010 4474 et
1028 4427 1095 4484 nos,
1122 4406 1186 4473 dun
1199 4405 1389 4484 Athanatos,
1415 4421 1475 4470 nos

325 4497 380 4555 tuo
402 4487 625 4555 convivificare
650 4491 775 4572 corpori
799 4496 1031 4570 commortuos;
1056 4491 1146 4556 Adae
1167 4489 1293 4573 parenti
1313 4487 1416 4555 veteri
1437 4493 1472 4554 tu

325 4571 682 4725 fficnssrgiffafortioribus
703 4575 839 4658 iungens
860 4574 987 4644 infirma
1007 4576 1093 4642 vitae
1107 4577 1258 4642 aeternae
1271 4571 1329 4640 des
1342 4589 1472 4656 pascua,

375 4677 396 4740 p
497 4705 504 4722 .
