3234 5246
713 368 858 432 -437
903 401 940 415 -

179 560 208 621 2.
233 553 327 620 Hunc
341 555 476 620 invitum
492 552 676 619 sublimavit

234 636 379 704 Officium
394 637 561 718 praesulis,

234 721 272 788 ln
287 740 351 803 qno
367 740 442 786 suas
457 738 533 786 ores
548 721 638 802 pavit

235 806 277 872 Se
293 805 349 872 dat
362 805 496 886 magnis,
513 805 666 888 parvulis

251 996 346 1052 Tenet.
384 997 461 1054 Miss.
480 995 559 1052 fratr.
579 997 668 1052 Paris.
689 999 766 1051 1520.

905 551 967 618 Hic
981 569 1138 636 pauperes
1153 553 1348 618 sustentavit

906 635 1075 718 ohsequiis
1090 635 1219 702 sedulis.

913 719 1003 786 Felix
1017 720 1115 786 vitem
1131 719 1364 785 consummavit

907 803 1085 870 Ceruscsns
1099 803 1271 868 miraculis,

907 887 986 954 Oret
1000 905 1058 970 pro
1074 887 1211 954 famulis.
1242 888 1352 953 Amen.

401 1259 472 1320 644.
514 1251 567 1318 Dc
593 1273 619 1319 s.
649 1253 808 1320 Modico
836 1253 875 1319 de
903 1249 1060 1317 Mursella
1087 1251 1264 1336 confessore

479 1375 512 1436 et
526 1369 707 1436 Tholosano
722 1372 871 1454 episcopo
886 1369 1005 1436 ordinis
1019 1369 1185 1433 minorum.

184 1507 209 1565 l.
235 1501 371 1568 Praesul
385 1520 443 1568 ave

234 1585 412 1652 Praeclaris
426 1589 577 1669 moribus,

236 1669 298 1736 Oer
312 1687 411 1737 suave

234 1753 304 1819 Lux
318 1756 352 1819 in
366 1755 544 1820 minoribus

234 1837 401 1904 Effulsisti.

235 1923 381 2005 Regnum
397 1921 520 2003 superis

234 2005 297 2072 Pro
312 2005 448 2071 fratrum
463 2003 594 2070 cordula

235 2089 318 2167 Quia
333 2089 436 2156 cernis
452 2087 613 2154 Christum

234 2173 273 2240 ln
287 2174 429 2255 ipserum
443 2175 565 2255 regula,

235 2257 338 2334 Quam
352 2258 479 2323 novisti,

180 2340 210 2402 2.
234 2341 288 2408 Fit
301 2341 465 2408 mendicus

235 2425 297 2492 Pro
312 2443 389 2506 rege
402 2425 524 2507 gloriae

234 2509 416 2576 Ludovicus

234 2593 358 2661 Haeres
373 2591 495 2659 ciciliae

156 2747 160 2756 ,
236 2678 289 2744 Sic
304 2678 427 2745 ditatur

236 2761 431 2829 informatus

236 2846 395 2912 Mincium
409 2843 525 2911 studiis

237 2929 419 2996 adornatus

236 3013 359 3080 Divinis
375 3012 488 3095 gratiis

235 3097 453 3164 Praesulatus.

180 3175 211 3237 3·
236 3180 323 3248 Urbs
338 3179 476 3246 Tholosa

236 3265 349 3348 Regali
365 3264 515 3346 praesule

237 3350 386 3416 Gloriosa

236 3433 375 3500 Plaudet
389 3449 472 3497 nnnc
487 3429 596 3497 sedule

236 3517 285 3583 Ex
300 3516 417 3582 affectu

253 3644 278 3684 a.
297 3625 389 3681 Text.
426 3623 504 3680 Miss.
522 3622 602 3678 fratr.
619 3621 709 3678 Paris.
729 3623 806 3678 1520.

908 1501 1011 1568 Corde
1026 1507 1095 1568 toto

907 1586 1030 1652 Psallat
1043 1585 1198 1665 Massilia,

906 1668 999 1748 Quod
1013 1688 1071 1752 prb
1085 1675 1161 1735 voto

907 1753 1017 1820 Gemit
1030 1753 1192 1835 magnalis

908 1837 986 1904 Omn
1002 1836 1127 1903 effectu.

850 1923 880 1984 4.
906 1921 1003 1990 Auris
1017 1920 1103 1986 redit

906 2005 950 2072 Et
964 2023 1034 2086 vox,
1054 2004 1179 2072 auditui

907 2088 1016 2156 Turba
1031 2087 1142 2170 credit,

906 2173 1091 2253 Resurgunt
1104 2174 1222 2240 mertui

907 2257 946 2323 In
960 2256 1089 2323 virtute.

909 2340 1119 2422 obloquentis

906 2423 1018 2490 Facies
1032 2426 1180 2507 vertitur,

907 2509 1104 2575 Paenitentia

908 2592 1012 2658 Versa
1025 2592 1201 2660 revertitur

908 2675 987 2742 cum
1003 2677 1117 2742 salute.

853 2753 882 2814 5·
907 2761 977 2827 Iam
991 2777 1055 2825 non
1068 2760 1150 2826 latet

908 2844 1031 2910 Lumen
1045 2846 1103 2911 sub
1121 2841 1237 2922 modio,

909 2927 1007 2993 Cuius
1021 2933 1112 3010 patet

909 3009 1117 3092 Glorificatm,

910 3093 972 3160 Tot
985 3112 1044 3176 per
1059 3097 1153 3176 signa

909 3179 1053 3260 Elevata,

909 3263 960 3328 Ad
974 3281 1108 3344 regnum
1122 3261 1196 3328 Filii

908 3345 1006 3412 Prece
1022 3352 1115 3428 grata

910 3430 976 3496 Nos
990 3431 1085 3496 huius
1100 3429 1159 3495 lilii

909 3513 980 3580 Duc
994 3515 1142 3596 benigna.
1171 3513 1283 3578 Arnen.

252 3713 279 3769 b.
297 3711 479 3769 Leaerten.
516 3713 543 3778 2,
553 3713 578 3765 4.
597 3710 704 3766 ciciliae
714 3709 739 3764 d.
750 3710 770 3764 i.
780 3708 897 3766 Siciliae.
908 3711 978 3782 -b,
990 3714 1013 3767 l.
1032 3709 1259 3766 iamnonlumen
1271 3708 1342 3765 latet
1359 3724 1382 3763 s.
1401 3708 1481 3765 Text.

733 3851 931 3861 -ι--ι-η

438 3943 509 4006 645.
552 3937 595 4004 Ire
609 3939 818 4007 translatione
832 3959 858 4007 s.
873 3939 1055 4008 Maraccus
1068 3941 1231 4026 martyris.

184 4085 211 4148 1.
237 4075 361 4143 Nobilis
376 4074 435 4141 des
451 4072 615 4155 Graeciae,

238 4161 260 4227 S
284 4160 409 4225 sculum
424 4158 640 4240 Burgundiae,

272 4263 402 4326 ammes,
418 4250 451 4310 et
463 4241 632 4324 refugium,

236 4327 377 4396 Mulsisti
391 4329 442 4394 lac
456 4347 476 4393 a
490 4325 577 4406 ieris,

237 4413 345 4480 Missis
360 4433 476 4480 novum
491 4407 674 4487 densioris,

237 4497 413 4564 Alexandri
428 4496 608 4580 prandium.

182 4587 211 4647 2.
236 4582 287 4646 Ad
303 4589 507 4666 conspectum
522 4577 689 4663 praesidis,

237 4665 321 4732 Hinc
334 4668 463 4750 plenum
478 4663 658 4748 tyrannidis

238 4747 362 4821 Ductus
376 4768 410 4818 es
424 4751 566 4832 exitium,

907 4075 1008 4142 Annis
1023 4093 1104 4158 puer
1118 4075 1257 4143 bissenis

907 4159 1003 4226 Minis
1018 4176 1175 4243 preceque
1189 4159 1301 4243 poenis

908 4243 980 4310 Non
994 4241 1113 4309 flexisti
1128 4261 1183 4310 cor
1197 4245 1293 4328 pium.

854 4330 883 4391 3.
910 4326 1060 4394 Carceres
1075 4333 1110 4394 et
1123 4329 1266 4410 verbera,

909 4411 1004 4491 Fusa,
1020 4417 1111 4478 tenta
1124 4413 1258 4489 viscera,

910 4496 998 4578 Ignis
1015 4495 1230 4579 refrigerium

910 4579 1059 4662 Loquens
1074 4582 1189 4662 leoque
1203 4581 1280 4646 mite

910 4663 981 4729 Tibi
996 4665 1151 4748 pandunt,
1166 4669 1199 4729 te
1213 4666 1300 4731 vitae

910 4747 990 4816 Esse
1006 4749 1084 4818 solis
1097 4747 1235 4838 radium
