3266 5222
722 311 952 376 -194-

261 509 285 550 1.
305 493 401 556 Teo-t.
438 493 522 553 tione
540 494 593 550 No.
613 497 666 550 975
685 497 720 566 (2,
740 497 794 564 68.)
823 511 890 550 aas:
918 493 1090 550 Mtncbener
1108 495 1161 550 Hs.
1190 495 1257 552 Cim.
1285 497 1378 552 14845.
1405 493 1424 549 f.
1443 497 1486 548 72.

190 569 232 620 12.
251 565 351 620 Jabrb.
372 567 425 636 (A).
462 565 535 620 Dos.
561 567 744 622 1111111113.
768 567 848 620 124.
877 571 919 621 11.
940 565 1253 622 11111111111111
1281 567 1323 634 (B,
1341 567 1397 620 mir
1416 566 1489 620 oacb

190 655 244 692 eon
262 637 299 691 Η.
319 638 414 694 Ghrist
431 639 559 710 desorpt).
578 669 612 678 -
630 637 731 694 Daniel
749 639 799 693 bot
816 638 852 707 11,
871 641 914 693 57.
933 639 979 693 dic
998 643 1022 692 1.
1042 638 1118 694 Zoilo
1135 640 1194 694 ond
1214 640 1247 709 V,
1266 642 1327 692 252.
1348 639 1400 692 den
1418 636 1488 690 Teuc

190 727 243 764 oue
260 710 352 763 Mons.

261 797 287 850 b.
306 795 487 850 Losorion.
523 801 548 852 3.
567 812 637 866 prae
654 797 767 852 excelsa
785 798 816 852 B.
836 829 869 838 -
888 804 914 854 d.
932 798 1065 854 Gabrilrel
1085 840 1111 852 ..
1131 815 1279 867 numquam
1298 797 1329 852 B.
1349 827 1382 838 -
1401 800 1427 852 5.
1446 813 1488 852 re·

190 867 280 935 fulges
298 867 329 922 B.
349 897 382 911 -
402 869 427 922 6.
446 867 561 936 gravida
579 869 609 923 B.
621 872 689 923 -8.
709 869 813 938 Magna
831 869 877 924 lric
895 870 950 924 eris
969 871 999 924 B.
1019 871 1081 938 „iric
1098 871 1152 925 orit
1169 873 1312 940 magnus.“
1331 871 1397 924 11111.
1411 871 1488 935 1,32.

190 969 224 980 -
245 941 286 991 ll.
305 954 377 996 saec.
396 945 557 1007 peccatores
576 939 609 1000 A.
629 956 703 1009 pecc.
716 941 792 1009 sebit
810 941 842 997 B.
878 941 972 998 Solvet
989 948 1020 996 ut
1038 957 1112 1010 poco.
1132 957 1191 998 nos.
1210 943 1302 998 11111.

260 1043 284 1082 1.
302 1025 456 1082 Bemerb.
494 1027 582 1084 Uedcr
600 1029 652 1086 dos
670 1027 871 1099 Rbprbsoscbc
888 1033 937 1084 etc.
956 1029 1065 1098 epriobt
1084 1029 1364 1086 ammonemus.

431 1249 502 1311 250.
546 1244 598 1310 Dc
612 1244 826 1329 oseumptiooe
839 1244 945 1312 bealae
960 1243 1092 1311 Mariae
1105 1243 1249 1327 oirpiro'is.

193 1383 220 1445 1.
247 1378 313 1448 sve
327 1377 417 1458 virgo
432 1376 612 1459 singularis,

246 1461 351 1527 Mater
365 1461 466 1526 nostri
480 1461 640 1540 salutaris,

246 1545 336 1620 Quae
351 1546 476 1610 vocaris
491 1545 583 1610 stella
598 1545 705 1622 meris,

247 1629 349 1694 Stella
362 1649 425 1694 non
439 1631 592 1696 erratica:

244 1715 310 1779 Nos
325 1713 358 1778 in
374 1713 468 1779 huius
484 1714 567 1779 vitae
586 1715 666 1778 mari

245 1798 315 1864 Non
330 1798 481 1880 permitte
497 1797 691 1879 naufragari,

244 1881 308 1948 Sed
323 1901 381 1966 pro
397 1881 487 1948 nobis
503 1883 636 1948 salutari

243 1966 311 2032 Tuo
326 1985 452 2048 semper
466 1968 619 2050 supplica.

189 2050 218 2108 2.
244 2049 355 2116 Saevit
368 2067 465 2130 11111,
481 2049 619 2115 fremunt
636 2053 731 2131 venti,

244 2133 376 2198 Fluctus
392 2140 527 2214 surgunt
545 2135 732 2214 turbulenti,

244 2218 342 2282 Navis
358 2219 467 2297 currit,
483 2217 539 2282 sed
556 2219 696 2283 currenti

245 2301 307 2366 Tot
321 2305 493 2366 occurrunt
507 2301 616 2366 obvia:

245 2385 307 2450 llic
321 2385 444 2450 sirenae
460 2386 643 2468 voluptatis

245 2470 359 2546 Draco,
375 2467 463 2534 canis
477 2487 547 2534 cunr
564 2469 683 2552 piratis

244 2552 381 2618 Mortem
396 2570 476 2634 pene
496 2554 675 2636 desperatis

244 2637 333 2704 Haec
347 2637 508 2702 intentant
522 2638 636 2702 omnia.

191 2716 218 2776 3·
245 2721 322 2787 Post
337 2721 469 2801 abyssos
484 2739 566 2786 nunc
581 2721 622 2786 ed
638 2721 759 2786 coelum

245 2805 368 2872 Furens
383 2805 469 2870 unda
482 2803 547 2873 fert
562 2805 737 2887 phaselum,

245 2889 347 2953 Notat
361 2889 473 2968 malus,
489 2887 560 2954 fluit
574 2888 689 2967 velum,

245 2973 372 3038 Neutae
386 2978 492 3038 cessat
505 2991 616 3054 opera:

246 3054 453 3121 Contubeseit
467 3057 498 3120 in
514 3057 564 3122 his
579 3056 672 3122 malis

246 3139 350 3204 Homo
366 3145 474 3204 noster
489 3142 644 3206 animalis.

246 3223 295 3288 Tu
310 3240 378 3303 nos,
394 3231 497 3289 mater
512 3225 674 3306 spiritalis,

246 3307 421 3373 Pereuntes
436 3307 545 3374 libera.

191 3391 220 3450 4.
247 3391 305 3470 Tu,
321 3389 449 3472 perfuse
466 3392 545 3458 coeli
560 3409 642 3472 roro,

246 3475 414 3541 Castitatis
429 3476 517 3541 salvo
532 3475 619 3553 flore,

246 3559 371 3625 Novum
385 3557 505 3638 florem,
521 3578 602 3624 novo
616 3579 704 3626 more

246 3643 413 3709 Protulisti
428 3643 572 3708 eacoubr:

247 3727 388 3793 Verbum
404 3727 487 3809 patri
505 3729 683 3826 coaequale,

248 3810 371 3892 Corpus
385 3811 509 3876 intrans
524 3811 686 3890 virginale,

246 3895 300 3958 Fit
315 3912 373 3976 pro
388 3895 481 3960 nobis
497 3895 661 3976 corporale

247 3977 314 4042 Sub
330 3980 451 4043 ventris
466 3978 659 4044 umbraculo.

192 4065 221 4123 5.
247 4060 292 4125 Te
307 4061 448 4142 providit
463 4069 497 4127 et
512 4062 608 4144 elegit

248 4143 309 4220 Qui
324 4149 471 4226 potenter
485 4150 599 4212 cuncto
613 4146 706 4226 regit

247 4227 314 4292 Nec
328 4229 458 4310 pudoris
473 4229 611 4294 claustra
628 4227 732 4309 fregit

248 4310 347 4377 Sacro
360 4311 486 4393 replens
500 4313 637 4378 viscera:

920 1375 985 1442 Nec
999 1395 1182 1458 pressuram
1198 1397 1256 1444 nec
1271 1379 1423 1456 dolorem,

919 1459 1038 1525 Contra
1052 1461 1173 1542 primae
1189 1463 1301 1528 matris
1317 1483 1447 1542 morem,

844 1583 845 1586 =
918 1543 1074 1609 Pariendo
1089 1545 1280 1612 salvatorem

919 1629 1052 1694 Sensisti
1068 1647 1233 1712 puerpera.

863 1713 891 1772 6.
919 1713 946 1778 Ο
961 1712 1073 1791 Maria,
1090 1731 1146 1796 pro
1162 1719 1287 1780 tuorum

919 1797 1084 1878 Dignitate
1103 1798 1288 1862 meritorum

919 1882 1023 1962 Supra
1038 1881 1149 1950 choros
1164 1882 1348 1967 angelornm

920 1963 1109 2031 Sublimaris
1124 1967 1232 2032 rruioe:

918 2049 1006 2114 Felix
1020 2048 1088 2114 dies
1103 2049 1266 2124 hodierne,

918 2132 988 2208 Qua
1003 2133 1187 2200 conscendis
1201 2133 1242 2197 ud
1258 2152 1405 2215 superna,

917 2217 1042 2282 Pietate
1057 2224 1092 2284 11
1108 2223 1254 2284 materna

918 2301 984 2366 Nos
999 2301 1032 2368 in
1047 2301 1110 2366 imo
1125 2301 1256 2382 respice.

864 2381 891 2441 7.
918 2383 1020 2450 Radix
1037 2391 1158 2462 sancta,
1173 2384 1264 2450 radix
1279 2385 1360 2464 viva,

918 2469 993 2534 Flos
1009 2477 1042 2534 et
1057 2469 1132 2536 vitis
1147 2469 1288 2543 1111111,

919 2551 1021 2628 Quam
1036 2552 1124 2617 nulla
1140 2553 1188 2618 vis
1204 2553 1321 2618 usitiva

918 2635 1012 2716 luvit,
1027 2640 1064 2702 ut
1078 2635 1261 2702 fructificet:

917 2720 1055 2803 Lampas
1071 2720 1156 2794 solis,
1171 2721 1321 2803 splendor
1336 2719 1399 2800 poli

918 2803 1002 2885 (Quo
1017 2803 1186 2888 splendore
1201 2821 1311 2888 preces
1328 2804 1406 2886 poli)

918 2887 983 2953 Nos
997 2887 1125 2969 assigna
1138 2893 1212 2954 tuae
1228 2887 1318 2970 proli,

918 2972 965 3036 Ne
979 2972 1123 3037 districte
1138 2973 1267 3038 iudicet.

861 3049 890 3110 8·
918 3056 954 3121 ln
970 3063 1140 3136 conspectu
1155 3057 1269 3121 summi
1285 3055 1370 3136 regis

918 3140 970 3207 Sis
985 3139 1092 3222 pusilli
1107 3159 1227 3207 memor
1242 3139 1358 3221 gregis,

917 3223 979 3300 Qui
993 3229 1210 3304 transgressor
1223 3225 1319 3289 datae
1334 3223 1413 3304 legis

918 3309 1096 3373 Praesumit
1109 3308 1150 3372 de
1164 3307 1272 3372 venia:

917 3389 1017 3458 Iudex
1031 3392 1118 3458 mitis
1132 3395 1165 3456 11
1179 3391 1346 3471 benignus,

918 3475 1019 3541 ludex
1033 3475 1098 3555 iugi
1114 3475 1208 3539 leude
1223 3475 1347 3553 dignus,

919 3559 995 3624 Reis
1010 3559 1078 3639 spei
1094 3557 1183 3623 dedit
1197 3559 1321 3640 pignus,

919 3642 1049 3708 Cunctis
1064 3640 1168 3706 laetus
1183 3641 1297 3707 hostia.

864 3727 893 3786 9.
919 3727 1001 3799 lesu,
1017 3725 1099 3791 sacri
1115 3725 1234 3790 ventris
1248 3725 1381 3798 bootae,

919 3809 1020 3875 Nobis
1033 3810 1118 3874 iuter
1132 3809 1242 3874 mundi
1257 3807 1374 3872 fluetus

919 3895 969 3960 Sis
984 3893 1045 3973 viu,
1061 3893 1125 3958 dux
1139 3898 1173 3957 11
1186 3891 1359 3958 conductus

917 3977 1015 4044 Liber
1030 3976 1071 4043 ad
1086 3977 1254 4043 coelestia:

918 4061 1002 4127 Tene
1017 4061 1151 4139 clavum,
1167 4079 1243 4142 rege
1257 4075 1378 4130 navem,

917 4143 965 4209 Tu
981 4145 1152 4226 procellam
1168 4145 1285 4210 sedans
1300 4157 1429 4222 gravem

918 4228 1049 4293 Portum
1066 4227 1155 4293 nobis
1171 4228 1213 4294 da
1227 4241 1356 4292 suavem

918 4311 981 4377 Pro
995 4319 1051 4378 tua
1064 4310 1241 4378 clementia.

263 4435 287 4474 1.
307 4419 402 4474 Teot.
439 4419 598 4476 1111111111.
621 4425 681 4475 160.
700 4419 727 4476 S.
746 4424 789 4475 97.
808 4437 877 4476 orer:
896 4421 947 4476 Ha.
966 4437 1004 4475 aa
1021 4419 1062 4474 st.
1082 4418 1183 4474 Goliam
1201 4419 1253 4474 No.
1272 4413 1490 4486 546111111111)

191 4491 307 4546 31157.
326 4491 624 4560 mitderAasscbrift:
642 4492 794 4560 Sequentia
811 4492 928 4549 alieuius
946 4493 1122 4560 antiquorum
1141 4497 1251 4559 patrum
1261 4487 1490 4545 solidissimum.

263 4579 289 4633 b.
308 4577 491 4633 Leearten.
529 4583 554 4648 7,
573 4583 598 4634 6.
617 4581 657 4634 iat
675 4577 834 4648 Koapektar
852 4595 907 4634 oon
924 4578 1028 4646 Morel3
1047 4578 1141 4648 nostr
1157 4578 1232 4634 aocb
1248 4577 1277 4632 S.
1296 4579 1357 4631 331.
1376 4575 1423 4630 ein
1436 4571 1491 4626 Re·

191 4655 302 4706 1111111
319 4650 380 4706 eine
397 4650 505 4707 tessere
520 4651 661 4722 91111111.-
684 4652 744 4722 Quo
762 4650 912 4721 splendore
930 4666 1030 4721 praees
1047 4647 1109 4706 soli.
