<?xml version="1.0" encoding="UTF-8"?>
<!DOCTYPE html PUBLIC "-//W3C//DTD XHTML 1.0 Transitional//EN"
    "http://www.w3.org/TR/xhtml1/DTD/xhtml1-transitional.dtd">
<html xmlns="http://www.w3.org/1999/xhtml" xml:lang="en" lang="en">
 <head>
  <title>
</title>
<meta http-equiv="Content-Type" content="text/html;charset=utf-8" />
  <meta name='ocr-system' content='tesseract 3.04.00' />
  <meta name='ocr-capabilities' content='ocr_page ocr_carea ocr_par ocr_line ocrx_word'/>
</head>
<body>
  <div class='ocr_page' id='page_1' title='image "./lateinischesequ02kehrgoog_0512.png"; bbox 0 0 3186 5254; ppageno 0'>
   <div class='ocr_carea' id='block_1_1' title="bbox 608 273 840 338">
    <p class='ocr_par' dir='ltr' id='par_1_1' title="bbox 608 273 840 338">
     <span class='ocr_line' id='line_1_1' title="bbox 608 273 840 338; baseline -0.009 0"><span class='ocrx_word' id='word_1_1' title='bbox 608 273 840 338; x_wconf 73' lang='grc'>-493-</span> 
     </span>
    </p>
   </div>
   <div class='ocr_carea' id='block_1_2' title="bbox 460 451 986 536">
    <p class='ocr_par' dir='ltr' id='par_1_2' title="bbox 460 451 986 536">
     <span class='ocr_line' id='line_1_2' title="bbox 460 451 986 536; baseline 0 -18"><span class='ocrx_word' id='word_1_2' title='bbox 460 457 532 521; x_wconf 78' lang='lat'><strong>730.</strong></span> <span class='ocrx_word' id='word_1_3' title='bbox 574 452 627 520; x_wconf 86' lang='lat' dir='ltr'>De</span> <span class='ocrx_word' id='word_1_4' title='bbox 647 473 673 519; x_wconf 79' lang='lat' dir='ltr'>s.</span> <span class='ocrx_word' id='word_1_5' title='bbox 698 451 817 520; x_wconf 66' lang='lat' dir='ltr'>stoma</span> <span class='ocrx_word' id='word_1_6' title='bbox 836 457 986 536; x_wconf 71' lang='lat' dir='ltr'>ovortyre.</span> 
     </span>
    </p>
   </div>
   <div class='ocr_carea' id='block_1_3' title="bbox 80 586 1322 2012">
    <p class='ocr_par' dir='ltr' id='par_1_3' title="bbox 80 586 1268 921">
     <span class='ocr_line' id='line_1_3' title="bbox 80 586 1162 670; baseline -0.002 -16"><span class='ocrx_word' id='word_1_7' title='bbox 80 595 107 654; x_wconf 93' lang='lat' dir='ltr'>l.</span> <span class='ocrx_word' id='word_1_8' title='bbox 133 587 184 654; x_wconf 80' lang='lat' dir='ltr'>Ad</span> <span class='ocrx_word' id='word_1_9' title='bbox 198 586 350 654; x_wconf 89' lang='lat' dir='ltr'>honorem</span> <span class='ocrx_word' id='word_1_10' title='bbox 364 588 479 654; x_wconf 89' lang='lat' dir='ltr'>summi</span> <span class='ocrx_word' id='word_1_11' title='bbox 492 588 579 670; x_wconf 82' lang='lat' dir='ltr'>regis</span> <span class='ocrx_word' id='word_1_12' title='bbox 804 587 1012 654; x_wconf 82' lang='lat' dir='ltr'>Innocentum</span> <span class='ocrx_word' id='word_1_13' title='bbox 1028 586 1162 653; x_wconf 81' lang='lat' dir='ltr'>osseole:</span> 
     </span>
     <span class='ocr_line' id='line_1_4' title="bbox 133 668 1268 753; baseline 0 -16"><span class='ocrx_word' id='word_1_14' title='bbox 133 671 530 753; x_wconf 79' lang='lat' dir='ltr'>Defensoremsuaelegis</span> <span class='ocrx_word' id='word_1_15' title='bbox 804 671 907 737; x_wconf 77' lang='lat' dir='ltr'>Frons</span> <span class='ocrx_word' id='word_1_16' title='bbox 922 677 955 736; x_wconf 90' lang='lat' dir='ltr'>et</span> <span class='ocrx_word' id='word_1_17' title='bbox 969 671 1072 740; x_wconf 84' lang='lat' dir='ltr'>virtus</span> <span class='ocrx_word' id='word_1_18' title='bbox 1086 668 1268 752; x_wconf 84' lang='lat' dir='ltr'>conflixere,</span> 
     </span>
     <span class='ocr_line' id='line_1_5' title="bbox 135 753 1243 838; baseline 0 -18"><span class='ocrx_word' id='word_1_19' title='bbox 135 754 303 822; x_wconf 80' lang='lat' dir='ltr'>collaudet</span> <span class='ocrx_word' id='word_1_20' title='bbox 316 756 464 822; x_wconf 76' lang='lat' dir='ltr'>ecclesis:</span> <span class='ocrx_word' id='word_1_21' title='bbox 803 753 920 838; x_wconf 82' lang='lat' dir='ltr'>Spinee</span> <span class='ocrx_word' id='word_1_22' title='bbox 934 772 1040 822; x_wconf 76' lang='lat' dir='ltr'>rossem</span> <span class='ocrx_word' id='word_1_23' title='bbox 1055 755 1243 836; x_wconf 83' lang='lat' dir='ltr'>contrivere,</span> 
     </span>
     <span class='ocr_line' id='line_1_6' title="bbox 134 838 1121 921; baseline -0.004 -15"><span class='ocrx_word' id='word_1_24' title='bbox 134 841 212 906; x_wconf 90' lang='lat' dir='ltr'>Post</span> <span class='ocrx_word' id='word_1_25' title='bbox 225 840 377 907; x_wconf 81' lang='lat' dir='ltr'>tenebras</span> <span class='ocrx_word' id='word_1_26' title='bbox 390 845 424 906; x_wconf 87' lang='lat' dir='ltr'>et</span> <span class='ocrx_word' id='word_1_27' title='bbox 438 858 614 906; x_wconf 88' lang='lat' dir='ltr'>moerorem</span> <span class='ocrx_word' id='word_1_28' title='bbox 803 838 860 905; x_wconf 89' lang='lat' dir='ltr'>Ius</span> <span class='ocrx_word' id='word_1_29' title='bbox 874 839 993 921; x_wconf 83' lang='lat' dir='ltr'>pressit</span> <span class='ocrx_word' id='word_1_30' title='bbox 1006 838 1121 906; x_wconf 79' lang='lat' dir='ltr'>inuria.</span> 
     </span>
    </p>

    <p class='ocr_par' dir='ltr' id='par_1_4' title="bbox 133 919 1322 1172">
     <span class='ocr_line' id='line_1_7' title="bbox 133 919 1322 1007; baseline -0.002 -19"><span class='ocrx_word' id='word_1_31' title='bbox 133 923 187 988; x_wconf 84' lang='lat' dir='ltr'>Fit</span> <span class='ocrx_word' id='word_1_32' title='bbox 200 923 234 988; x_wconf 87' lang='lat' dir='ltr'>in</span> <span class='ocrx_word' id='word_1_33' title='bbox 247 923 395 1004; x_wconf 83' lang='lat' dir='ltr'><strong>plausum</strong></span> <span class='ocrx_word' id='word_1_34' title='bbox 410 929 444 990; x_wconf 87' lang='lat' dir='ltr'>et</span> <span class='ocrx_word' id='word_1_35' title='bbox 457 925 661 1007; x_wconf 83' lang='lat' dir='ltr'>splendorem</span> <span class='ocrx_word' id='word_1_36' title='bbox 748 923 777 984; x_wconf 88' lang='grc'>4.</span> <span class='ocrx_word' id='word_1_37' title='bbox 803 921 867 988; x_wconf 90' lang='lat' dir='ltr'>Sed</span> <span class='ocrx_word' id='word_1_38' title='bbox 881 923 945 988; x_wconf 82' lang='lat' dir='ltr'>iam</span> <span class='ocrx_word' id='word_1_39' title='bbox 960 923 1081 1006; x_wconf 79' lang='lat' dir='ltr'><strong>pressit</strong></span> <span class='ocrx_word' id='word_1_40' title='bbox 1094 939 1158 1004; x_wconf 86' lang='lat' dir='ltr'>quo</span> <span class='ocrx_word' id='word_1_41' title='bbox 1171 919 1322 1005; x_wconf 71' lang='lat' dir='ltr'>preesse,</span> 
     </span>
     <span class='ocr_line' id='line_1_8' title="bbox 134 1005 1241 1089; baseline -0.001 -17"><span class='ocrx_word' id='word_1_42' title='bbox 134 1005 274 1074; x_wconf 86' lang='lat' dir='ltr'>Thomoe</span> <span class='ocrx_word' id='word_1_43' title='bbox 288 1008 468 1074; x_wconf 77' lang='lat' dir='ltr'>tolerantia.</span> <span class='ocrx_word' id='word_1_44' title='bbox 804 1005 939 1072; x_wconf 83' lang='lat' dir='ltr'>Recedit</span> <span class='ocrx_word' id='word_1_45' title='bbox 952 1005 1065 1089; x_wconf 87' lang='lat' dir='ltr'>hyems</span> <span class='ocrx_word' id='word_1_46' title='bbox 1079 1011 1151 1073; x_wconf 84' lang='lat' dir='ltr'>orto</span> <span class='ocrx_word' id='word_1_47' title='bbox 1164 1023 1241 1074; x_wconf 88' lang='lat' dir='ltr'>vere</span> 
     </span>
     <span class='ocr_line' id='line_1_9' title="bbox 804 1089 1183 1172; baseline -0.003 -16"><span class='ocrx_word' id='word_1_48' title='bbox 804 1091 927 1157; x_wconf 83' lang='lat' dir='ltr'>Vernot</span> <span class='ocrx_word' id='word_1_49' title='bbox 943 1089 1045 1172; x_wconf 81' lang='lat' dir='ltr'>signis</span> <span class='ocrx_word' id='word_1_50' title='bbox 1058 1089 1108 1158; x_wconf 82' lang='lat' dir='ltr'>Ao</span> <span class='ocrx_word' id='word_1_51' title='bbox 1130 1089 1183 1156; x_wconf 81' lang='lat' dir='ltr'>iio.</span> 
     </span>
    </p>

    <p class='ocr_par' dir='ltr' id='par_1_5' title="bbox 80 1173 1319 1426">
     <span class='ocr_line' id='line_1_10' title="bbox 80 1173 1190 1242; baseline -0.001 -1"><span class='ocrx_word' id='word_1_52' title='bbox 80 1181 109 1241; x_wconf 84' lang='lat'>2.</span> <span class='ocrx_word' id='word_1_53' title='bbox 134 1175 229 1240; x_wconf 82' lang='lat' dir='ltr'><strong>Hunc</strong></span> <span class='ocrx_word' id='word_1_54' title='bbox 244 1173 351 1240; x_wconf 80' lang='lat' dir='ltr'>natale</span> <span class='ocrx_word' id='word_1_55' title='bbox 365 1175 456 1242; x_wconf 87' lang='lat' dir='ltr'>verbi</span> <span class='ocrx_word' id='word_1_56' title='bbox 469 1175 530 1242; x_wconf 89' lang='lat' dir='ltr'>Dei</span> <span class='ocrx_word' id='word_1_57' title='bbox 803 1173 865 1240; x_wconf 87' lang='lat' dir='ltr'>Est</span> <span class='ocrx_word' id='word_1_58' title='bbox 879 1173 994 1240; x_wconf 82' lang='lat' dir='ltr'>asilum</span> <span class='ocrx_word' id='word_1_59' title='bbox 1008 1174 1089 1241; x_wconf 88' lang='lat' dir='ltr'>hies</span> <span class='ocrx_word' id='word_1_60' title='bbox 1124 1174 1190 1240; x_wconf 86' lang='lat' dir='ltr'>utis</span> 
     </span>
     <span class='ocr_line' id='line_1_11' title="bbox 135 1256 1319 1342; baseline 0 -19"><span class='ocrx_word' id='word_1_61' title='bbox 135 1258 505 1342; x_wconf 78' lang='lat' dir='ltr'>eausacuiustuitregi</span> <span class='ocrx_word' id='word_1_62' title='bbox 805 1257 1077 1339; x_wconf 75' lang='lat' dir='ltr'>Claudissurdis,</span> <span class='ocrx_word' id='word_1_63' title='bbox 1093 1256 1319 1340; x_wconf 76' lang='lat' dir='ltr'>coecismutis</span> 
     </span>
     <span class='ocr_line' id='line_1_12' title="bbox 134 1341 1183 1426; baseline -0.002 -18"><span class='ocrx_word' id='word_1_64' title='bbox 134 1343 223 1408; x_wconf 87' lang='lat' dir='ltr'>Misit</span> <span class='ocrx_word' id='word_1_65' title='bbox 236 1342 278 1408; x_wconf 81' lang='lat' dir='ltr'>od</span> <span class='ocrx_word' id='word_1_66' title='bbox 293 1341 461 1426; x_wconf 82' lang='lat' dir='ltr'>supplicia:</span> <span class='ocrx_word' id='word_1_67' title='bbox 804 1341 947 1408; x_wconf 76' lang='lat' dir='ltr'>Thomas</span> <span class='ocrx_word' id='word_1_68' title='bbox 964 1341 1183 1408; x_wconf 65' lang='lat' dir='ltr'>mnotimonia.</span> 
     </span>
    </p>

    <p class='ocr_par' dir='ltr' id='par_1_6' title="bbox 134 1421 1280 1661">
     <span class='ocr_line' id='line_1_13' title="bbox 134 1421 1280 1507; baseline 0 -17"><span class='ocrx_word' id='word_1_69' title='bbox 134 1426 252 1492; x_wconf 83' lang='lat' dir='ltr'>Fervet</span> <span class='ocrx_word' id='word_1_70' title='bbox 266 1425 356 1492; x_wconf 88' lang='lat' dir='ltr'>iuror</span> <span class='ocrx_word' id='word_1_71' title='bbox 368 1427 528 1506; x_wconf 78' lang='lat' dir='ltr'>militaris,</span> <span class='ocrx_word' id='word_1_72' title='bbox 750 1421 779 1482; x_wconf 84' lang='lat'>5·</span> <span class='ocrx_word' id='word_1_73' title='bbox 806 1425 1280 1507; x_wconf 77' lang='lat' dir='ltr'>Leesoslenitetlangueotes</span> 
     </span>
     <span class='ocr_line' id='line_1_14' title="bbox 135 1509 1265 1592; baseline -0.001 -17"><span class='ocrx_word' id='word_1_74' title='bbox 135 1509 233 1576; x_wconf 80' lang='lat' dir='ltr'>Sacro</span> <span class='ocrx_word' id='word_1_75' title='bbox 248 1509 360 1592; x_wconf 81' lang='lat' dir='ltr'>gradu,</span> <span class='ocrx_word' id='word_1_76' title='bbox 376 1511 477 1579; x_wconf 82' lang='lat' dir='ltr'>serris</span> <span class='ocrx_word' id='word_1_77' title='bbox 492 1511 558 1577; x_wconf 85' lang='lat' dir='ltr'>oris</span> <span class='ocrx_word' id='word_1_78' title='bbox 805 1509 923 1576; x_wconf 88' lang='lat' dir='ltr'>Procul</span> <span class='ocrx_word' id='word_1_79' title='bbox 938 1510 1017 1576; x_wconf 89' lang='lat' dir='ltr'>sitos</span> <span class='ocrx_word' id='word_1_80' title='bbox 1031 1515 1065 1576; x_wconf 90' lang='lat' dir='ltr'>et</span> <span class='ocrx_word' id='word_1_81' title='bbox 1078 1513 1265 1591; x_wconf 78' lang='lat' dir='ltr'>praesentes</span> 
     </span>
     <span class='ocr_line' id='line_1_15' title="bbox 134 1593 1134 1661; baseline 0.001 -2"><span class='ocrx_word' id='word_1_82' title='bbox 134 1593 206 1660; x_wconf 88' lang='lat' dir='ltr'>Non</span> <span class='ocrx_word' id='word_1_83' title='bbox 221 1598 350 1660; x_wconf 73' lang='lat' dir='ltr'>arcetur</span> <span class='ocrx_word' id='word_1_84' title='bbox 364 1595 462 1660; x_wconf 84' lang='lat' dir='ltr'>eurio.</span> <span class='ocrx_word' id='word_1_85' title='bbox 806 1593 951 1661; x_wconf 76' lang='lat' dir='ltr'>Mortiris</span> <span class='ocrx_word' id='word_1_86' title='bbox 966 1593 1134 1660; x_wconf 82' lang='lat' dir='ltr'>memorio:</span> 
     </span>
    </p>

    <p class='ocr_par' dir='ltr' id='par_1_7' title="bbox 805 1675 1226 1760">
     <span class='ocr_line' id='line_1_16' title="bbox 805 1675 1226 1760; baseline -0.005 -17"><span class='ocrx_word' id='word_1_87' title='bbox 805 1677 893 1760; x_wconf 82' lang='lat' dir='ltr'>Ergo</span> <span class='ocrx_word' id='word_1_88' title='bbox 908 1675 1029 1742; x_wconf 81' lang='lat' dir='ltr'>Thema</span> <span class='ocrx_word' id='word_1_89' title='bbox 1045 1696 1064 1742; x_wconf 95' lang='lat' dir='ltr'>o</span> <span class='ocrx_word' id='word_1_90' title='bbox 1080 1675 1226 1760; x_wconf 81' lang='lat' dir='ltr'>benigne,</span> 
     </span>
    </p>

    <p class='ocr_par' dir='ltr' id='par_1_8' title="bbox 80 1759 1259 2012">
     <span class='ocr_line' id='line_1_17' title="bbox 80 1759 1248 1844; baseline 0 -20"><span class='ocrx_word' id='word_1_91' title='bbox 80 1766 109 1824; x_wconf 89' lang='lat'>3.</span> <span class='ocrx_word' id='word_1_92' title='bbox 134 1759 215 1826; x_wconf 80' lang='lat' dir='ltr'>Cum</span> <span class='ocrx_word' id='word_1_93' title='bbox 229 1765 382 1828; x_wconf 82' lang='lat' dir='ltr'>noscente</span> <span class='ocrx_word' id='word_1_94' title='bbox 396 1760 523 1828; x_wconf 81' lang='lat' dir='ltr'>Christo</span> <span class='ocrx_word' id='word_1_95' title='bbox 537 1763 668 1843; x_wconf 78' lang='lat' dir='ltr'>stratos,</span> <span class='ocrx_word' id='word_1_96' title='bbox 806 1761 909 1829; x_wconf 81' lang='lat' dir='ltr'>Chore</span> <span class='ocrx_word' id='word_1_97' title='bbox 923 1761 993 1828; x_wconf 83' lang='lat' dir='ltr'>Deo</span> <span class='ocrx_word' id='word_1_98' title='bbox 1008 1760 1137 1844; x_wconf 82' lang='lat' dir='ltr'>praesul</span> <span class='ocrx_word' id='word_1_99' title='bbox 1151 1761 1248 1840; x_wconf 79' lang='lat' dir='ltr'>digne</span> 
     </span>
     <span class='ocr_line' id='line_1_18' title="bbox 136 1843 1259 1926; baseline -0.003 -16"><span class='ocrx_word' id='word_1_100' title='bbox 136 1843 301 1926; x_wconf 80' lang='lat' dir='ltr'>Stephano</span> <span class='ocrx_word' id='word_1_101' title='bbox 315 1850 554 1924; x_wconf 68' lang='lat' dir='ltr'>concoronatus</span> <span class='ocrx_word' id='word_1_102' title='bbox 805 1846 873 1912; x_wconf 89' lang='lat' dir='ltr'>Nos</span> <span class='ocrx_word' id='word_1_103' title='bbox 888 1863 1040 1911; x_wconf 81' lang='lat' dir='ltr'>conservo</span> <span class='ocrx_word' id='word_1_104' title='bbox 1054 1845 1088 1910; x_wconf 87' lang='lat' dir='ltr'>in</span> <span class='ocrx_word' id='word_1_105' title='bbox 1101 1845 1161 1910; x_wconf 81' lang='lat' dir='ltr'>hac</span> <span class='ocrx_word' id='word_1_106' title='bbox 1174 1843 1259 1909; x_wconf 84' lang='lat' dir='ltr'>velle</span> 
     </span>
     <span class='ocr_line' id='line_1_19' title="bbox 136 1927 1248 2012; baseline -0.003 -19"><span class='ocrx_word' id='word_1_107' title='bbox 136 1927 590 2011; x_wconf 81' lang='lat' dir='ltr'>GumlohsnneDeogrotus,</span> <span class='ocrx_word' id='word_1_108' title='bbox 807 1931 853 1996; x_wconf 81' lang='lat' dir='ltr'>Ac</span> <span class='ocrx_word' id='word_1_109' title='bbox 867 1929 998 1996; x_wconf 86' lang='lat' dir='ltr'>coelesti</span> <span class='ocrx_word' id='word_1_110' title='bbox 1013 1946 1128 2012; x_wconf 81' lang='lat' dir='ltr'>sponso</span> <span class='ocrx_word' id='word_1_111' title='bbox 1144 1928 1248 2010; x_wconf 82' lang='lat' dir='ltr'>iunge.</span> 
     </span>
    </p>
   </div>
   <div class='ocr_carea' id='block_1_4' title="bbox 148 2035 690 2096">
    <p class='ocr_par' dir='ltr' id='par_1_9' title="bbox 148 2035 690 2096">
     <span class='ocr_line' id='line_1_20' title="bbox 148 2035 690 2096; baseline -0.004 -4"><span class='ocrx_word' id='word_1_112' title='bbox 148 2052 173 2092; x_wconf 73' lang='lat' dir='ltr'>s</span> <span class='ocrx_word' id='word_1_113' title='bbox 191 2035 288 2094; x_wconf 75' lang='lat' dir='ltr'>Text.</span> <span class='ocrx_word' id='word_1_114' title='bbox 323 2037 402 2096; x_wconf 84' lang='lat' dir='ltr'>Miss.</span> <span class='ocrx_word' id='word_1_115' title='bbox 420 2037 592 2094; x_wconf 79' lang='lat' dir='ltr'>Hslborstst.</span> <span class='ocrx_word' id='word_1_116' title='bbox 613 2038 690 2092; x_wconf 81' lang='lat'>1511.</span> 
     </span>
    </p>
   </div>
   <div class='ocr_carea' id='block_1_5' title="bbox 76 2122 1374 2253">
    <p class='ocr_par' dir='ltr' id='par_1_10' title="bbox 76 2122 1374 2253">
     <span class='ocr_line' id='line_1_21' title="bbox 146 2122 1374 2196; baseline -0.003 -17"><span class='ocrx_word' id='word_1_117' title='bbox 146 2123 172 2179; x_wconf 90' lang='lat' dir='ltr'>b.</span> <span class='ocrx_word' id='word_1_118' title='bbox 191 2122 374 2180; x_wconf 66' lang='grc' dir='ltr'>Βοιωτίου.</span> <span class='ocrx_word' id='word_1_119' title='bbox 410 2128 436 2196; x_wconf 78' lang='lat'>2,</span> <span class='ocrx_word' id='word_1_120' title='bbox 457 2127 481 2180; x_wconf 94' lang='lat'>1.</span> <span class='ocrx_word' id='word_1_121' title='bbox 500 2124 540 2180; x_wconf 88' lang='lat' dir='ltr'>roi</span> <span class='ocrx_word' id='word_1_122' title='bbox 552 2125 640 2193; x_wconf 75' lang='lat' dir='ltr'>frtri·</span> <span class='ocrx_word' id='word_1_123' title='bbox 677 2125 694 2193; x_wconf 75' lang='lat'>⁹,</span> <span class='ocrx_word' id='word_1_124' title='bbox 711 2123 815 2181; x_wconf 73' lang='lat' dir='ltr'>kommt</span> <span class='ocrx_word' id='word_1_125' title='bbox 833 2140 926 2196; x_wconf 68' lang='lat' dir='ltr'>weyers</span> <span class='ocrx_word' id='word_1_126' title='bbox 943 2123 1184 2194; x_wconf 72' lang='lat' dir='ltr'>aeerropracte</span> <span class='ocrx_word' id='word_1_127' title='bbox 1201 2123 1275 2180; x_wconf 70' lang='lat' dir='ltr'>aucto</span> <span class='ocrx_word' id='word_1_128' title='bbox 1292 2124 1374 2178; x_wconf 72' lang='lat' dir='ltr'>some</span> 
     </span>
     <span class='ocr_line' id='line_1_22' title="bbox 76 2195 717 2253; baseline 0.003 -5"><span class='ocrx_word' id='word_1_129' title='bbox 76 2209 136 2250; x_wconf 86' lang='lat' dir='ltr'>oor.</span> <span class='ocrx_word' id='word_1_130' title='bbox 157 2224 188 2236; x_wconf 90' lang='lat'>-</span> <span class='ocrx_word' id='word_1_131' title='bbox 208 2199 234 2250; x_wconf 80' lang='grc'>4.</span> <span class='ocrx_word' id='word_1_132' title='bbox 252 2195 311 2252; x_wconf 77' lang='lat' dir='ltr'>Die</span> <span class='ocrx_word' id='word_1_133' title='bbox 328 2195 412 2252; x_wconf 76' lang='lat' dir='ltr'>Stette</span> <span class='ocrx_word' id='word_1_134' title='bbox 428 2197 537 2253; x_wconf 55' lang='lat' dir='ltr'>rebant</span> <span class='ocrx_word' id='word_1_135' title='bbox 554 2195 656 2252; x_wconf 81' lang='lat' dir='ltr'>oerdor</span> <span class='ocrx_word' id='word_1_136' title='bbox 674 2211 717 2250; x_wconf 72' lang='lat' dir='ltr'>ere</span> 
     </span>
    </p>
   </div>
   <div class='ocr_carea' id='block_1_6' title="bbox 627 2397 827 2408">
    <p class='ocr_par' dir='ltr' id='par_1_11' title="bbox 627 2397 827 2408">
     <span class='ocr_line' id='line_1_23' title="bbox 627 2397 827 2408; baseline -0.005 0"><span class='ocrx_word' id='word_1_137' title='bbox 627 2397 827 2408; x_wconf 65' lang='grc' dir='ltr'>ιι--ισ-ι--κ</span> 
     </span>
    </p>
   </div>
   <div class='ocr_carea' id='block_1_7' title="bbox 440 2559 1009 2647">
    <p class='ocr_par' dir='ltr' id='par_1_12' title="bbox 440 2559 1009 2647">
     <span class='ocr_line' id='line_1_24' title="bbox 440 2559 1009 2647; baseline 0.002 -25"><span class='ocrx_word' id='word_1_138' title='bbox 440 2563 509 2628; x_wconf 80' lang='lat'><strong>731.</strong></span> <span class='ocrx_word' id='word_1_139' title='bbox 553 2559 745 2647; x_wconf 78' lang='lat' dir='ltr'>Infestos.</span> <span class='ocrx_word' id='word_1_140' title='bbox 769 2559 907 2628; x_wconf 61' lang='lat' dir='ltr'>reomao</span> <span class='ocrx_word' id='word_1_141' title='bbox 929 2563 1009 2624; x_wconf 78' lang='lat' dir='ltr'>oont.</span> 
     </span>
    </p>
   </div>
   <div class='ocr_carea' id='block_1_8' title="bbox 98 2689 1376 4705">
    <p class='ocr_par' dir='ltr' id='par_1_13' title="bbox 101 2689 1321 2930">
     <span class='ocr_line' id='line_1_25' title="bbox 101 2689 1321 2780; baseline 0.001 -25"><span class='ocrx_word' id='word_1_142' title='bbox 101 2695 129 2756; x_wconf 92' lang='lat'>1.</span> <span class='ocrx_word' id='word_1_143' title='bbox 147 2693 309 2760; x_wconf 77' lang='lat' dir='ltr'>Laureota</span> <span class='ocrx_word' id='word_1_144' title='bbox 323 2711 405 2760; x_wconf 87' lang='lat' dir='ltr'>novo</span> <span class='ocrx_word' id='word_1_145' title='bbox 420 2693 553 2776; x_wconf 83' lang='lat' dir='ltr'>Thomo,</span> <span class='ocrx_word' id='word_1_146' title='bbox 773 2689 1321 2780; x_wconf 79' lang='lat' dir='ltr'>5.Nuncutvu1pesfroodulento,</span> 
     </span>
     <span class='ocr_line' id='line_1_26' title="bbox 149 2775 1236 2860; baseline -0.001 -17"><span class='ocrx_word' id='word_1_147' title='bbox 149 2777 239 2843; x_wconf 84' lang='lat' dir='ltr'>Siout</span> <span class='ocrx_word' id='word_1_148' title='bbox 251 2777 347 2843; x_wconf 87' lang='lat' dir='ltr'>Petro</span> <span class='ocrx_word' id='word_1_149' title='bbox 362 2795 421 2844; x_wconf 88' lang='lat' dir='ltr'>suo</span> <span class='ocrx_word' id='word_1_150' title='bbox 435 2777 547 2860; x_wconf 81' lang='lat' dir='ltr'>Romo,</span> <span class='ocrx_word' id='word_1_151' title='bbox 820 2776 913 2845; x_wconf 86' lang='lat' dir='ltr'>Nune</span> <span class='ocrx_word' id='word_1_152' title='bbox 926 2783 964 2844; x_wconf 90' lang='lat' dir='ltr'>ut</span> <span class='ocrx_word' id='word_1_153' title='bbox 976 2777 1071 2859; x_wconf 79' lang='lat' dir='ltr'>tigris</span> <span class='ocrx_word' id='word_1_154' title='bbox 1085 2775 1236 2856; x_wconf 75' lang='lat' dir='ltr'>violento,</span> 
     </span>
     <span class='ocr_line' id='line_1_27' title="bbox 150 2859 1198 2930; baseline -0.002 -4"><span class='ocrx_word' id='word_1_155' title='bbox 150 2859 261 2926; x_wconf 80' lang='lat' dir='ltr'>Gaude</span> <span class='ocrx_word' id='word_1_156' title='bbox 276 2859 463 2928; x_wconf 76' lang='lat' dir='ltr'>cantuario:</span> <span class='ocrx_word' id='word_1_157' title='bbox 820 2861 937 2930; x_wconf 78' lang='lat' dir='ltr'>Tentat</span> <span class='ocrx_word' id='word_1_158' title='bbox 951 2877 1061 2928; x_wconf 87' lang='lat' dir='ltr'>omnes</span> <span class='ocrx_word' id='word_1_159' title='bbox 1074 2859 1198 2928; x_wconf 81' lang='lat' dir='ltr'>editus:</span> 
     </span>
    </p>

    <p class='ocr_par' dir='ltr' id='par_1_14' title="bbox 148 2943 1376 3195">
     <span class='ocr_line' id='line_1_28' title="bbox 148 2943 1376 3026; baseline 0.002 -18"><span class='ocrx_word' id='word_1_160' title='bbox 148 2943 217 3010; x_wconf 91' lang='lat' dir='ltr'>Imo</span> <span class='ocrx_word' id='word_1_161' title='bbox 232 2947 301 3011; x_wconf 77' lang='lat' dir='ltr'>tota</span> <span class='ocrx_word' id='word_1_162' title='bbox 315 2945 361 3012; x_wconf 88' lang='lat' dir='ltr'>sit</span> <span class='ocrx_word' id='word_1_163' title='bbox 373 2943 498 3024; x_wconf 84' lang='lat' dir='ltr'>devoto,</span> <span class='ocrx_word' id='word_1_164' title='bbox 820 2947 914 3014; x_wconf 87' lang='lat' dir='ltr'>Nune</span> <span class='ocrx_word' id='word_1_165' title='bbox 926 2946 1077 3024; x_wconf 80' lang='lat' dir='ltr'>minatur,</span> <span class='ocrx_word' id='word_1_166' title='bbox 1097 2961 1182 3011; x_wconf 87' lang='lat' dir='ltr'>nuno</span> <span class='ocrx_word' id='word_1_167' title='bbox 1201 2943 1376 3026; x_wconf 76' lang='lat' dir='ltr'>blanditor,</span> 
     </span>
     <span class='ocr_line' id='line_1_29' title="bbox 148 3025 1160 3110; baseline 0 -16"><span class='ocrx_word' id='word_1_168' title='bbox 148 3025 207 3094; x_wconf 81' lang='lat' dir='ltr'>Pio</span> <span class='ocrx_word' id='word_1_169' title='bbox 220 3027 352 3095; x_wconf 76' lang='lat' dir='ltr'><strong>laudum</strong></span> <span class='ocrx_word' id='word_1_170' title='bbox 365 3031 492 3096; x_wconf 87' lang='lat' dir='ltr'>solvens</span> <span class='ocrx_word' id='word_1_171' title='bbox 505 3033 591 3110; x_wconf 78' lang='lat' dir='ltr'>voto,</span> <span class='ocrx_word' id='word_1_172' title='bbox 820 3029 880 3096; x_wconf 91' lang='lat' dir='ltr'>Illo</span> <span class='ocrx_word' id='word_1_173' title='bbox 894 3029 975 3097; x_wconf 88' lang='lat' dir='ltr'>nihil</span> <span class='ocrx_word' id='word_1_174' title='bbox 989 3027 1160 3105; x_wconf 85' lang='lat' dir='ltr'>emollitur,</span> 
     </span>
     <span class='ocr_line' id='line_1_30' title="bbox 148 3111 1210 3195; baseline -0.001 -17"><span class='ocrx_word' id='word_1_175' title='bbox 148 3113 294 3179; x_wconf 84' lang='lat' dir='ltr'>Militons</span> <span class='ocrx_word' id='word_1_176' title='bbox 307 3113 467 3179; x_wconf 78' lang='lat' dir='ltr'>Ecclesia!</span> <span class='ocrx_word' id='word_1_177' title='bbox 819 3115 910 3180; x_wconf 88' lang='lat' dir='ltr'>Idem</span> <span class='ocrx_word' id='word_1_178' title='bbox 924 3111 1210 3195; x_wconf 85' lang='lat' dir='ltr'>monenspenitos.</span> 
     </span>
    </p>

    <p class='ocr_par' dir='ltr' id='par_1_15' title="bbox 101 3195 1294 3696">
     <span class='ocr_line' id='line_1_31' title="bbox 101 3195 579 3265; baseline 0.021 -11"><span class='ocrx_word' id='word_1_179' title='bbox 101 3195 131 3257; x_wconf 84' lang='lat'>2.</span> <span class='ocrx_word' id='word_1_180' title='bbox 150 3195 288 3262; x_wconf 83' lang='lat' dir='ltr'><strong>Thomas</strong></span> <span class='ocrx_word' id='word_1_181' title='bbox 302 3197 364 3264; x_wconf 89' lang='lat' dir='ltr'>iste</span> <span class='ocrx_word' id='word_1_182' title='bbox 379 3197 454 3263; x_wconf 90' lang='lat' dir='ltr'>dum</span> <span class='ocrx_word' id='word_1_183' title='bbox 469 3201 579 3265; x_wconf 88' lang='lat' dir='ltr'>tuetur</span> 
     </span>
     <span class='ocr_line' id='line_1_32' title="bbox 148 3279 1294 3365; baseline -0.003 -17"><span class='ocrx_word' id='word_1_184' title='bbox 148 3279 266 3362; x_wconf 79' lang='lat' dir='ltr'>Legem</span> <span class='ocrx_word' id='word_1_185' title='bbox 281 3281 350 3362; x_wconf 85' lang='lat' dir='ltr'>Dei,</span> <span class='ocrx_word' id='word_1_186' title='bbox 365 3287 575 3365; x_wconf 83' lang='lat' dir='ltr'>promeretur,</span> <span class='ocrx_word' id='word_1_187' title='bbox 772 3287 800 3348; x_wconf 82' lang='lat'>6.</span> <span class='ocrx_word' id='word_1_188' title='bbox 819 3282 888 3348; x_wconf 86' lang='lat' dir='ltr'>Rex</span> <span class='ocrx_word' id='word_1_189' title='bbox 903 3281 1084 3364; x_wconf 82' lang='lat' dir='ltr'>compertus</span> <span class='ocrx_word' id='word_1_190' title='bbox 1098 3296 1162 3344; x_wconf 89' lang='lat' dir='ltr'>non</span> <span class='ocrx_word' id='word_1_191' title='bbox 1176 3279 1294 3345; x_wconf 84' lang='lat' dir='ltr'>terreri</span> 
     </span>
     <span class='ocr_line' id='line_1_33' title="bbox 147 3361 1230 3447; baseline -0.003 -18"><span class='ocrx_word' id='word_1_192' title='bbox 147 3365 233 3430; x_wconf 80' lang='lat' dir='ltr'>Iram</span> <span class='ocrx_word' id='word_1_193' title='bbox 251 3365 503 3447; x_wconf 81' lang='lat' dir='ltr'>regisAnglioe:</span> <span class='ocrx_word' id='word_1_194' title='bbox 820 3365 934 3432; x_wconf 89' lang='lat' dir='ltr'>Virum</span> <span class='ocrx_word' id='word_1_195' title='bbox 949 3367 1138 3430; x_wconf 80' lang='lat' dir='ltr'>assertorem</span> <span class='ocrx_word' id='word_1_196' title='bbox 1153 3361 1230 3444; x_wconf 82' lang='lat' dir='ltr'>veri,</span> 
     </span>
     <span class='ocr_line' id='line_1_34' title="bbox 148 3445 1235 3532; baseline -0.004 -18"><span class='ocrx_word' id='word_1_197' title='bbox 148 3449 235 3530; x_wconf 81' lang='lat' dir='ltr'>Ergo</span> <span class='ocrx_word' id='word_1_198' title='bbox 250 3449 361 3530; x_wconf 86' lang='lat' dir='ltr'>pulsus</span> <span class='ocrx_word' id='word_1_199' title='bbox 375 3449 456 3516; x_wconf 85' lang='lat' dir='ltr'>urbe</span> <span class='ocrx_word' id='word_1_200' title='bbox 470 3447 564 3532; x_wconf 86' lang='lat' dir='ltr'>cedit,</span> <span class='ocrx_word' id='word_1_201' title='bbox 820 3445 1235 3531; x_wconf 78' lang='lat' dir='ltr'>Neoirongipropositum:</span> 
     </span>
     <span class='ocr_line' id='line_1_35' title="bbox 147 3532 1257 3613; baseline -0.002 -15"><span class='ocrx_word' id='word_1_202' title='bbox 147 3533 191 3598; x_wconf 84' lang='lat' dir='ltr'>Et</span> <span class='ocrx_word' id='word_1_203' title='bbox 203 3537 387 3597; x_wconf 79' lang='lat' dir='ltr'>transcurso</span> <span class='ocrx_word' id='word_1_204' title='bbox 400 3532 482 3598; x_wconf 84' lang='lat' dir='ltr'>mori</span> <span class='ocrx_word' id='word_1_205' title='bbox 496 3533 598 3599; x_wconf 86' lang='lat' dir='ltr'>eredit</span> <span class='ocrx_word' id='word_1_206' title='bbox 820 3533 903 3598; x_wconf 85' lang='lat' dir='ltr'>Oves</span> <span class='ocrx_word' id='word_1_207' title='bbox 916 3532 1257 3613; x_wconf 80' lang='lat' dir='ltr'>armotinpostorem‚</span> 
     </span>
     <span class='ocr_line' id='line_1_36' title="bbox 148 3615 1228 3696; baseline -0.003 -14"><span class='ocrx_word' id='word_1_208' title='bbox 148 3615 226 3682; x_wconf 86' lang='lat' dir='ltr'>Sese</span> <span class='ocrx_word' id='word_1_209' title='bbox 239 3615 310 3696; x_wconf 78' lang='lat' dir='ltr'>regi</span> <span class='ocrx_word' id='word_1_210' title='bbox 323 3615 486 3682; x_wconf 59' lang='lat' dir='ltr'>hanone.</span> <span class='ocrx_word' id='word_1_211' title='bbox 821 3615 1015 3684; x_wconf 70' lang='lat' dir='ltr'>cohortatus</span> <span class='ocrx_word' id='word_1_212' title='bbox 1032 3615 1066 3681; x_wconf 89' lang='lat' dir='ltr'>in</span> <span class='ocrx_word' id='word_1_213' title='bbox 1082 3631 1228 3681; x_wconf 86' lang='lat' dir='ltr'>eruorem</span> 
     </span>
    </p>

    <p class='ocr_par' dir='ltr' id='par_1_16' title="bbox 100 3691 1344 4200">
     <span class='ocr_line' id='line_1_37' title="bbox 100 3691 1191 3782; baseline -0.001 -18"><span class='ocrx_word' id='word_1_214' title='bbox 100 3691 130 3758; x_wconf 86' lang='lat'>3.</span> <span class='ocrx_word' id='word_1_215' title='bbox 147 3697 209 3776; x_wconf 83' lang='lat' dir='ltr'>Qui</span> <span class='ocrx_word' id='word_1_216' title='bbox 223 3703 390 3780; x_wconf 75' lang='lat' dir='ltr'>gratanter</span> <span class='ocrx_word' id='word_1_217' title='bbox 404 3705 438 3765; x_wconf 85' lang='lat' dir='ltr'>et</span> <span class='ocrx_word' id='word_1_218' title='bbox 451 3699 615 3782; x_wconf 82' lang='lat' dir='ltr'>condigne,</span> <span class='ocrx_word' id='word_1_219' title='bbox 820 3699 991 3767; x_wconf 80' lang='lat' dir='ltr'>Cohortem</span> <span class='ocrx_word' id='word_1_220' title='bbox 1006 3698 1191 3766; x_wconf 84' lang='lat' dir='ltr'>satellitum.</span> 
     </span>
     <span class='ocr_line' id='line_1_38' title="bbox 147 3781 620 3866; baseline 0.006 -19"><span class='ocrx_word' id='word_1_221' title='bbox 147 3781 227 3848; x_wconf 83' lang='lat' dir='ltr'>Tem</span> <span class='ocrx_word' id='word_1_222' title='bbox 242 3781 356 3848; x_wconf 86' lang='lat' dir='ltr'>devote</span> <span class='ocrx_word' id='word_1_223' title='bbox 370 3799 467 3864; x_wconf 85' lang='lat' dir='ltr'>quom</span> <span class='ocrx_word' id='word_1_224' title='bbox 483 3784 620 3866; x_wconf 78' lang='lat' dir='ltr'>benigne</span> 
     </span>
     <span class='ocr_line' id='line_1_39' title="bbox 148 3863 1261 3950; baseline 0.001 -19"><span class='ocrx_word' id='word_1_225' title='bbox 148 3864 377 3947; x_wconf 85' lang='lat' dir='ltr'>Sicutpotrem</span> <span class='ocrx_word' id='word_1_226' title='bbox 391 3866 518 3932; x_wconf 79' lang='lat' dir='ltr'>visitet:</span> <span class='ocrx_word' id='word_1_227' title='bbox 771 3877 801 3935; x_wconf 82' lang='grc'>7.</span> <span class='ocrx_word' id='word_1_228' title='bbox 818 3867 906 3949; x_wconf 82' lang='lat' dir='ltr'>Ergo</span> <span class='ocrx_word' id='word_1_229' title='bbox 920 3884 1057 3950; x_wconf 83' lang='lat' dir='ltr'>nequem</span> <span class='ocrx_word' id='word_1_230' title='bbox 1071 3863 1261 3948; x_wconf 77' lang='lat' dir='ltr'>parricidae,</span> 
     </span>
     <span class='ocr_line' id='line_1_40' title="bbox 147 3947 1261 4034; baseline -0.002 -18"><span class='ocrx_word' id='word_1_231' title='bbox 147 3949 207 4028; x_wconf 84' lang='lat' dir='ltr'>lbi,</span> <span class='ocrx_word' id='word_1_232' title='bbox 222 3949 312 4016; x_wconf 90' lang='lat' dir='ltr'>velut</span> <span class='ocrx_word' id='word_1_233' title='bbox 325 3967 428 4015; x_wconf 85' lang='lat' dir='ltr'>novus</span> <span class='ocrx_word' id='word_1_234' title='bbox 442 3951 514 4030; x_wconf 87' lang='lat' dir='ltr'>tiro,</span> <span class='ocrx_word' id='word_1_235' title='bbox 819 3951 899 4016; x_wconf 81' lang='lat' dir='ltr'>Tam</span> <span class='ocrx_word' id='word_1_236' title='bbox 913 3949 1036 4018; x_wconf 82' lang='lat' dir='ltr'>infandi</span> <span class='ocrx_word' id='word_1_237' title='bbox 1051 3965 1148 4034; x_wconf 80' lang='lat' dir='ltr'>quem</span> <span class='ocrx_word' id='word_1_238' title='bbox 1161 3947 1261 4031; x_wconf 84' lang='lat' dir='ltr'>infidi,</span> 
     </span>
     <span class='ocr_line' id='line_1_41' title="bbox 146 4031 1230 4116; baseline 0.001 -19"><span class='ocrx_word' id='word_1_239' title='bbox 146 4033 285 4098; x_wconf 83' lang='lat' dir='ltr'>Thomas</span> <span class='ocrx_word' id='word_1_240' title='bbox 299 4033 332 4098; x_wconf 87' lang='lat' dir='ltr'>in</span> <span class='ocrx_word' id='word_1_241' title='bbox 346 4031 470 4099; x_wconf 86' lang='lat' dir='ltr'>fervore</span> <span class='ocrx_word' id='word_1_242' title='bbox 485 4033 566 4100; x_wconf 89' lang='lat' dir='ltr'>miro</span> <span class='ocrx_word' id='word_1_243' title='bbox 818 4034 994 4101; x_wconf 81' lang='lat' dir='ltr'>Libertatis</span> <span class='ocrx_word' id='word_1_244' title='bbox 1008 4037 1046 4099; x_wconf 87' lang='lat' dir='ltr'>ut</span> <span class='ocrx_word' id='word_1_245' title='bbox 1059 4037 1230 4116; x_wconf 79' lang='lat' dir='ltr'>patronum</span> 
     </span>
     <span class='ocr_line' id='line_1_42' title="bbox 145 4115 1344 4200; baseline 0 -18"><span class='ocrx_word' id='word_1_246' title='bbox 145 4116 227 4198; x_wconf 79' lang='lat' dir='ltr'>Regi</span> <span class='ocrx_word' id='word_1_247' title='bbox 240 4135 353 4198; x_wconf 82' lang='lat' dir='ltr'>regum</span> <span class='ocrx_word' id='word_1_248' title='bbox 366 4115 493 4182; x_wconf 81' lang='lat' dir='ltr'>militat.</span> <span class='ocrx_word' id='word_1_249' title='bbox 817 4117 948 4185; x_wconf 86' lang='lat' dir='ltr'>Tollont</span> <span class='ocrx_word' id='word_1_250' title='bbox 963 4121 997 4182; x_wconf 86' lang='lat' dir='ltr'>et</span> <span class='ocrx_word' id='word_1_251' title='bbox 1012 4122 1168 4200; x_wconf 85' lang='lat' dir='ltr'>usurpent</span> <span class='ocrx_word' id='word_1_252' title='bbox 1181 4115 1344 4198; x_wconf 79' lang='lat' dir='ltr'>thronum,</span> 
     </span>
    </p>

    <p class='ocr_par' dir='ltr' id='par_1_17' title="bbox 98 4193 1171 4283">
     <span class='ocr_line' id='line_1_43' title="bbox 98 4193 1171 4283; baseline 0.001 -19"><span class='ocrx_word' id='word_1_253' title='bbox 98 4193 128 4260; x_wconf 88' lang='grc'>4.</span> <span class='ocrx_word' id='word_1_254' title='bbox 147 4199 289 4266; x_wconf 78' lang='lat' dir='ltr'>Tandem</span> <span class='ocrx_word' id='word_1_255' title='bbox 303 4219 383 4283; x_wconf 81' lang='lat' dir='ltr'>pace</span> <span class='ocrx_word' id='word_1_256' title='bbox 396 4198 577 4282; x_wconf 60' lang='lat' dir='ltr'>reformati,</span> <span class='ocrx_word' id='word_1_257' title='bbox 817 4202 929 4268; x_wconf 84' lang='lat' dir='ltr'>Ruunt</span> <span class='ocrx_word' id='word_1_258' title='bbox 941 4200 975 4266; x_wconf 88' lang='lat' dir='ltr'>in</span> <span class='ocrx_word' id='word_1_259' title='bbox 989 4200 1171 4266; x_wconf 78' lang='lat' dir='ltr'>eeclesiam:</span> 
     </span>
    </p>

    <p class='ocr_par' dir='ltr' id='par_1_18' title="bbox 144 4283 1291 4705">
     <span class='ocr_line' id='line_1_44' title="bbox 145 4283 1249 4369; baseline -0.001 -21"><span class='ocrx_word' id='word_1_260' title='bbox 145 4283 230 4348; x_wconf 80' lang='lat' dir='ltr'>Pooe</span> <span class='ocrx_word' id='word_1_261' title='bbox 243 4283 325 4351; x_wconf 89' lang='lat' dir='ltr'>dolis</span> <span class='ocrx_word' id='word_1_262' title='bbox 339 4284 481 4369; x_wconf 70' lang='lat' dir='ltr'>palliati,</span> <span class='ocrx_word' id='word_1_263' title='bbox 817 4283 1110 4351; x_wconf 78' lang='lat' dir='ltr'>Praesuloransin</span> <span class='ocrx_word' id='word_1_264' title='bbox 1126 4286 1249 4351; x_wconf 81' lang='lat' dir='ltr'>secreto</span> 
     </span>
     <span class='ocr_line' id='line_1_45' title="bbox 145 4367 1291 4452; baseline -0.002 -18"><span class='ocrx_word' id='word_1_265' title='bbox 145 4369 325 4450; x_wconf 79' lang='lat' dir='ltr'>Regressus</span> <span class='ocrx_word' id='word_1_266' title='bbox 338 4370 381 4435; x_wconf 81' lang='lat' dir='ltr'>od</span> <span class='ocrx_word' id='word_1_267' title='bbox 395 4367 542 4452; x_wconf 85' lang='lat' dir='ltr'>proprio:</span> <span class='ocrx_word' id='word_1_268' title='bbox 818 4369 928 4434; x_wconf 80' lang='lat' dir='ltr'>Palem</span> <span class='ocrx_word' id='word_1_269' title='bbox 942 4367 1052 4450; x_wconf 86' lang='lat' dir='ltr'>prodit</span> <span class='ocrx_word' id='word_1_270' title='bbox 1065 4368 1158 4438; x_wconf 86' lang='lat' dir='ltr'>hoste</span> <span class='ocrx_word' id='word_1_271' title='bbox 1172 4369 1291 4450; x_wconf 82' lang='lat' dir='ltr'>spreto,</span> 
     </span>
     <span class='ocr_line' id='line_1_46' title="bbox 145 4451 1285 4535; baseline -0.002 -18"><span class='ocrx_word' id='word_1_272' title='bbox 145 4453 223 4518; x_wconf 83' lang='lat' dir='ltr'>Iura</span> <span class='ocrx_word' id='word_1_273' title='bbox 237 4469 368 4518; x_wconf 87' lang='lat' dir='ltr'>servons</span> <span class='ocrx_word' id='word_1_274' title='bbox 382 4452 451 4518; x_wconf 89' lang='lat' dir='ltr'>Deo</span> <span class='ocrx_word' id='word_1_275' title='bbox 466 4451 575 4530; x_wconf 88' lang='lat' dir='ltr'>servit,</span> <span class='ocrx_word' id='word_1_276' title='bbox 817 4451 885 4518; x_wconf 87' lang='lat' dir='ltr'>Neo</span> <span class='ocrx_word' id='word_1_277' title='bbox 898 4451 1049 4518; x_wconf 83' lang='lat' dir='ltr'>turbatur</span> <span class='ocrx_word' id='word_1_278' title='bbox 1063 4453 1155 4535; x_wconf 89' lang='lat' dir='ltr'>quies</span> <span class='ocrx_word' id='word_1_279' title='bbox 1168 4451 1285 4518; x_wconf 88' lang='lat' dir='ltr'>mentis</span> 
     </span>
     <span class='ocr_line' id='line_1_47' title="bbox 144 4535 1243 4618; baseline 0.003 -19"><span class='ocrx_word' id='word_1_280' title='bbox 144 4535 225 4603; x_wconf 89' lang='lat' dir='ltr'>Inde</span> <span class='ocrx_word' id='word_1_281' title='bbox 239 4536 342 4602; x_wconf 82' lang='lat' dir='ltr'>saevit</span> <span class='ocrx_word' id='word_1_282' title='bbox 355 4540 388 4602; x_wconf 90' lang='lat' dir='ltr'>et</span> <span class='ocrx_word' id='word_1_283' title='bbox 405 4537 563 4618; x_wconf 85' lang='lat' dir='ltr'>protervit</span> <span class='ocrx_word' id='word_1_284' title='bbox 818 4535 945 4602; x_wconf 82' lang='lat' dir='ltr'>Turbae</span> <span class='ocrx_word' id='word_1_285' title='bbox 958 4541 1046 4602; x_wconf 87' lang='lat' dir='ltr'>metu</span> <span class='ocrx_word' id='word_1_286' title='bbox 1060 4537 1243 4614; x_wconf 80' lang='lat' dir='ltr'>saevientis,</span> 
     </span>
     <span class='ocr_line' id='line_1_48' title="bbox 145 4618 1189 4705; baseline 0.008 -21"><span class='ocrx_word' id='word_1_287' title='bbox 145 4618 258 4686; x_wconf 84' lang='lat' dir='ltr'>Hostis</span> <span class='ocrx_word' id='word_1_288' title='bbox 273 4625 345 4686; x_wconf 82' lang='lat' dir='ltr'>erte</span> <span class='ocrx_word' id='word_1_289' title='bbox 361 4619 458 4687; x_wconf 71' lang='lat' dir='ltr'>verit.</span> <span class='ocrx_word' id='word_1_290' title='bbox 818 4618 1189 4705; x_wconf 70' lang='lat' dir='ltr'>sedprooeoitobviont</span> 
     </span>
    </p>
   </div>
   <div class='ocr_carea' id='block_1_9' title="bbox 0 0 1598 5254">
    <p class='ocr_par' dir='ltr' id='par_1_19' title="bbox 0 0 1598 5254">
     <span class='ocr_line' id='line_1_49' title="bbox 0 0 1598 5254; baseline 0 0"><span class='ocrx_word' id='word_1_291' title='bbox 0 0 1598 5254; x_wconf 95' lang='lat' dir='ltr'> </span> 
     </span>
    </p>
   </div>
  </div>
 </body>
</html>
