3266 5222
705 367 938 432 ..153-

508 551 579 614 212.
623 547 666 612 re
678 551 766 632 fesso
787 545 979 613 6666666
999 545 1027 612 e.
1051 545 1100 612 m.
1114 567 1143 610 o.
1186 565 1197 586 ·

181 680 206 738 1.
234 671 440 738 Celebremus
453 673 486 738 in
501 673 561 740 hac
577 673 628 740 die

233 757 363 822 Festum
379 756 490 823 domus
503 757 676 824 Zachariae

232 841 397 907 Laudibus
410 841 569 908 laetitiae:

234 925 490 1008 Contemplemur
503 929 549 993 ibi
567 935 704 1008 gestum,

233 1008 278 1074 Ut
292 1008 331 1074 de
347 1017 439 1091 gesto
453 1008 510 1077 fiat
524 1009 649 1092 festum,

233 1093 301 1158 iem
316 1093 428 1160 domus
444 1095 606 1162 ecclesiae.

178 1232 207 1291 2.
232 1225 351 1291 Thema
367 1229 431 1292 iarn
445 1230 656 1309 solennitatis,

234 1309 390 1394 Gopiosae
404 1311 580 1394 charitatis,

235 1391 349 1460 Gratia
363 1395 528 1460 recolitur:

233 1475 335 1554 Quam
350 1477 518 1545 Elisabeth
531 1481 627 1546 beata

234 1559 405 1628 Senectute
418 1561 609 1630 foecundata

233 1645 419 1729 Suscepisse
433 1647 593 1714 scribitur.

179 1784 207 1847 3.
234 1778 328 1844 Orbis
342 1785 430 1845 totus
445 1780 634 1861 gratuletur,
699 1755 705 1764 ⁶

233 1862 314 1928 Toto
329 1865 423 1929 corde
440 1868 607 1930 veneretur

233 1946 343 2012 Dulcis
356 1948 514 2014 visitatio:

233 2029 428 2113 Gompassivi
443 2031 547 2097 cordis
561 2031 743 2114 benignitas

232 2112 394 2182 Excessiri
408 2121 511 2180 status
529 2114 704 2193 humilitas,

233 2196 332 2264 Sacra
346 2199 531 2266 consolatio.

176 2352 205 2412 4.
231 2346 270 2411 In
285 2348 418 2412 introitu
433 2347 556 2412 Mariae

233 2430 364 2496 Plenam
378 2436 512 2496 matrem
530 2430 719 2516 prophetiae

232 2515 370 2597 Spiritus
386 2515 562 2580 illuminat:

850 929 878 988 5.
904 923 990 1006 Ergo

907 671 1103 750 Coniortata,
1119 673 1262 754 genitum

904 757 1075 836 Roborata,
1092 755 1236 822 debiturn

903 839 993 905 Felix
1006 857 1123 989 parens
1136 837 1298 905 terminat.

1019 924 1079 989 esti
1094 923 1175 989 hanc
1190 922 1360 990 auctricem

903 1006 1016 1074 Lauda
1029 1007 1089 1072 Dei
1104 1007 1291 1090 genitricem

904 1091 990 1174 Syon
1005 1109 1044 1157 ex
1058 1091 1268 1176 praecordiis:

905 1174 1062 1259 Quicquid
1078 1175 1165 1242 dicas
1182 1175 1221 1241 de
1236 1175 1384 1257 benigna,

904 1257 1011 1326 Minus
1026 1264 1076 1326 est
1091 1278 1111 1324 a
1124 1257 1218 1326 laudo
1233 1259 1340 1341 digna,

904 1341 1031 1410 Debitio
1047 1343 1235 1424 praeconiis.

849 1430 878 1490 6.
905 1427 1075 1493 Visitatrix
1088 1428 1122 1494 in
1136 1427 1306 1506 montanis,

904 1509 1072 1576 visitatrix
1086 1511 1119 1575 in
1134 1511 1182 1576 his
1197 1510 1311 1592 planis,

905 1591 956 1660 Sis
970 1595 1082 1660 matris
1097 1593 1264 1660 ecclesiae:

905 1678 1063 1744 Medicina
1077 1677 1264 1758 Christiana,

905 1761 996 1838 Quod
1011 1779 1075 1826 non
1089 1761 1176 1826 valet
1190 1761 1236 1827 vis
1250 1761 1398 1840 humana,

904 1845 977 1910 Fiat
991 1846 1074 1912 dono
1090 1846 1221 1927 gratiae.

849 1930 878 1989 7.
904 1929 1077 1995 Benedicta
1091 1929 1268 2009 mulierum,

903 2011 1000 2078 Sidus
1014 2013 1121 2093 maris,
1137 2013 1244 2078 lumen
1259 2029 1379 2091 verum,

904 2097 1063 2162 Moestum
1079 2098 1242 2162 consolare
1256 2095 1385 2176 clerum,

903 2179 1061 2265 Populum
1075 2180 1207 2246 irradia:

904 2264 1077 2331 Benedicto
1092 2265 1213 2330 ventris
1229 2263 1279 2329 tui

906 2347 1027 2414 Fructu
1042 2348 1126 2413 dona
1140 2349 1230 2416 nobis
1243 2346 1316 2426 frui,

905 2433 1020 2514 Sioque
1036 2451 1161 2517 semper
1177 2435 1276 2499 simus
1292 2427 1341 2496 sui

905 2517 942 2582 ln
958 2517 1090 2599 perenni
1105 2517 1217 2598 gloria.
1247 2517 1357 2580 Amen.

247 2639 271 2678 s.
292 2622 387 2678 Text.
423 2621 500 2679 Miss.
519 2623 598 2678 fratr.
618 2621 707 2680 Paris.
728 2623 797 2679 1620
815 2623 1011 2696 (hl-Nesla
1030 2641 1056 2694 p.
1079 2628 1126 2678 121
1148 2640 1164 2679 6
1181 2624 1259 2680 bliss.
1278 2621 1477 2678 sarisburiensi

178 2697 245 2750 1666
265 2695 316 2766 (B).
335 2725 370 2736 -
388 2695 488 2750 Daniel
507 2694 540 2762 V,
560 2697 621 2750 266.
640 2695 690 2749 bat
709 2695 762 2749 dea
779 2693 851 2750 Tea-t
868 2711 921 2751 666
939 2695 1036 2751 Nsale.

245 2783 271 2837 b.
291 2781 472 2838 Leaartsn.
511 2787 535 2852 l,
554 2784 579 2838 6.
598 2781 636 2838 m
653 2781 688 2840 66
706 2781 778 2840 issto
795 2783 830 2838 A.
849 2813 883 2826 ·-
902 2787 928 2854 2,
947 2787 972 2837 4.
992 2781 1052 2852 Qua
1071 2783 1102 2838 Β.
1122 2812 1155 2823 -
1174 2785 1200 2854 2,
1216 2786 1241 2838 6.
1261 2781 1287 2838 S.
1306 2779 1425 2840 sentitur
1443 2779 1475 2834 li.

175 2883 208 2894 —
228 2857 253 2922 3,
272 2857 296 2908 6.
316 2855 466 2910 Excessisa
484 2856 518 2910 A.

246 2957 269 2996 c.
289 2940 444 2998 Bemcrlr.
481 2945 507 3008 6,
527 2946 551 2998 2.
579 2941 723 2998 Ecclesiae
750 2941 831 2996 sitnm
860 2943 1078 3000 sarisburiensis
1104 2943 1250 2998 manifeste
1274 2940 1365 2997 innuit
1382 2945 1475 3010 poeta.

174 3012 270 3068 Neale.
290 3043 323 3052 -
342 3015 367 3082 6,
386 3015 465 3068 4-6.
484 3015 620 3068 Adsmum
640 3014 674 3070 de
692 3031 714 3070 s.
734 3012 821 3068 cruca
839 3013 976 3070 imitatur:
1001 3014 1139 3070 Medicina
1157 3015 1309 3071 christiana
1327 3013 1413 3068 Sarra
1431 3025 1474 3067 sa·

174 3099 233 3152 nos,
253 3099 352 3154 aegros
372 3099 455 3154 sana;
476 3085 556 3153 Quod
574 3101 630 3141 non
648 3085 723 3141 salet
740 3085 782 3142 sis
799 3085 921 3142 humana
939 3085 1000 3142 Tuo
1018 3085 1068 3142 ilat
1085 3087 1205 3142 numina.

532 3403 603 3465 213.
647 3397 746 3485 Infra
766 3407 906 3470 octavam
926 3397 1123 3464 6666666666.

51 3611 63 3624 ¹
175 3536 202 3594 1.
230 3529 328 3595 Decet
342 3529 437 3597 huius
453 3533 575 3598 cunctis
590 3533 677 3600 horis

227 3613 316 3680 Festi
331 3633 406 3680 voce
421 3616 572 3683 dulcioris

227 3698 345 3764 Facere
359 3701 560 3766 memoriam:

901 3533 952 3598 Ad
965 3549 1017 3597 me
1031 3531 1117 3614 quod
1132 3529 1254 3596 veniret
1267 3529 1323 3596 ille

900 3617 1005 3682 Meter
1019 3615 1079 3680 Dei
1093 3621 1127 3681 et
1140 3615 1257 3680 ancilla

902 3701 1066 3784 Sceptrum
1082 3706 1194 3766 tenens
1209 3698 1351 3780 gloriae?

228 3783 294 3848 Nec
308 3783 482 3866 indignum,
499 3785 554 3850 sed
569 3784 740 3867 benignum
844 3789 874 3850 4.
899 3784 1028 3850 Gaudet
1042 3783 1170 3850 clausus
1185 3801 1244 3848 sua
1258 3788 1369 3863 matre,

228 3865 323 3946 Voce,
339 3869 435 3933 corde
449 3867 527 3934 dare
541 3868 667 3950 signum

226 3949 266 4015 In
282 3950 402 4016 Mariae
417 3951 561 4034 gloriam.

172 4033 200 4095 2.
225 4033 415 4102 Innovemus
431 4044 536 4102 mente
549 4054 637 4117 sana,

227 4116 319 4194 Quod
334 4123 436 4184 mater
450 4121 533 4201 petit
546 4127 697 4188 montana

226 4200 374 4266 Salutere
387 4203 565 4284 gravidam:

226 4285 447 4368 Parenympho
462 4288 621 4369 comitata,

224 4369 345 4434 Fuerat
359 4387 421 4452 quo
437 4371 576 4438 salutata

226 4453 339 4520 Senem
354 4455 473 4522 mulcet
486 4456 644 4537 pavidam.

169 4535 198 4596 3.
225 4535 304 4602 Rem
319 4539 463 4621 miratur,
479 4539 536 4605 scd
551 4545 705 4620 matrone,

225 4620 328 4702 Unde,
344 4624 457 4704 inquit,
472 4627 563 4690 tanta
578 4623 661 4690 dona

223 4704 302 4778 Mihi
317 4706 435 4774 dantur
448 4707 567 4776 hodie?

900 3867 1005 3936 Sentit
1019 3867 1138 3934 Netum
1153 3865 1222 3932 sine
1236 3865 1342 3948 Patre,

900 3957 1025 4034 sgnum
1041 3953 1101 4018 Dei
1115 3951 1292 4036 praedicat:

899 4037 971 4102 Erit
985 4055 1120 4118 magnus
1135 4035 1239 4102 inians
1257 4035 1328 4110 rite,

897 4119 1016 4201 Regem
1032 4121 1122 4200 coeli,
1137 4122 1263 4200 agnum
1277 4119 1363 4184 vitae

899 4204 1033 4271 Clausus
1047 4204 1160 4288 plausu
1176 4201 1305 4267 indicat.

843 4289 871 4349 5.
897 4287 1016 4370 Nequit
1029 4305 1125 4356 senex
1139 4285 1312 4365 immorari,

897 4373 995 4455 Rupit
1009 4389 1120 4438 manus
1134 4389 1229 4436 manu
1247 4369 1317 4452 pari

896 4455 940 4523 Et
954 4457 1048 4522 nimis
1062 4455 1221 4520 celeriter:

824 4583 828 4586 -
897 4539 1071 4606 Exultabat
1084 4537 1179 4604 modo
1194 4539 1285 4619 mmo,

897 4623 1132 4706 circumplexat
1145 4621 1227 4688 hanc
1240 4620 1274 4688 in
1288 4639 1367 4706 gyro

896 4707 1071 4778 Salutando
1086 4707 1231 4780 dulciter.
