3190 5226
684 265 894 326 ...21-

138 445 285 510 Romanc
312 443 443 508 ecclesie
468 443 575 508 Leone
604 443 735 510 decimo.
779 445 928 510 Habenas
956 447 1022 509 ant.
1051 443 1177 524 imperii
1205 443 1340 510 Romani
1374 463 1441 510 mo-

138 531 276 596 derante
303 527 592 594 Maximoemiliano
626 528 742 594 Oesare
778 531 925 611 Angusto
961 528 1181 594 inuchIsSImo.
1232 527 1297 592 Aur
1332 527 1442 594 Eudo:

137 614 351 680 Elaboratum
380 617 431 677 est
458 631 590 694 presens
625 631 705 714 opus
735 613 916 694 Hagenoie:
957 613 1130 678 secundnm
1162 613 1261 678 ritum
1297 631 1334 678 ac
1370 632 1442 678 con·

139 697 346 765 suetudinem
375 697 496 762 ordinis
525 697 591 762 dini
621 697 787 762 Benedicti
822 698 861 762 de
898 697 1104 762 obseruantia
1137 717 1194 780 per
1222 697 1443 764 Germaniam:

138 803 198 866 per
225 781 420 847 industrium
443 781 547 846 uirum
576 781 730 846 Thomaor
755 782 963 847 Anshelmum
985 783 1172 848 Badeusem.
1217 783 1308 848 nuno
1338 783 1442 848 incar·

140 867 292 934 nationIs.
321 864 527 930 MDXVIII.
571 865 680 932 Mense
703 867 872 932 Ianuario:
910 866 1084 948 exemplari
1122 865 1226 932 denuo
1255 867 1442 932 emendato:

140 957 176 1018 et
209 953 244 1016 iu
273 949 420 1030 pluribus
455 949 533 1016 locis
567 952 806 1016 accuratissime
841 952 997 1031 castigato
1035 969 1092 1034 per
1123 953 1309 1030 religiosum
1338 952 1442 1016 uirum

139 1035 284 1118 ejusdcm
313 1033 444 1098 ordinis.
470 1069 514 1080 —-
542 1033 619 1118 Ares
642 1037 696 1099 der
724 1035 833 1099 lctrtea
861 1035 941 1100 Seite
969 1037 1021 1098 des
1049 1035 1157 1100 lciaten
1181 1033 1305 1100 Blattes
1331 1037 1383 1100 cios
1409 1037 1445 1098 irc

140 1123 197 1186 der
224 1117 450 1184 Pauliniscircrr
477 1117 652 1184 Bellonae
680 1141 721 1183 arr
747 1119 893 1184 Mitratcr
921 1118 1120 1202 bestodlc'clren
1144 1117 1338 1199 Exemplum
1365 1119 1444 1184 steht

140 1207 193 1270 die
220 1201 359 1284 chneoa
389 1200 449 1266 Nr.
477 1207 541 1266 367
567 1202 778 1284 parleremo,
815 1205 883 1270 carrd
912 1225 974 1268 rrrcr
1002 1203 1084 1268 dicae
1113 1203 1191 1270 liobe
1222 1203 1270 1268 icb
1298 1203 1361 1268 mir·
1391 1205 1445 1270 cd-

140 1287 301 1354 schreihen
327 1287 439 1352 tossen.

230 1373 299 1518 Mil
312 1370 444 1436 Missale
465 1370 609 1436 Diocesis
631 1371 838 1438 Coloniensis.
881 1371 1003 1438 Venulo
1024 1371 1162 1438 habetur
1183 1373 1269 1456 apud
1290 1372 1445 1454 templum

140 1458 242 1524 trium
301 1473 395 1537 egum
425 1456 459 1520 in
488 1455 599 1536 pingui
629 1455 757 1522 Gallina
787 1461 877 1522 1520,
921 1456 999 1540 Aqf
1023 1459 1077 1522 der
1105 1457 1285 1522 Iir'r'rlrsec'tc:
1315 1457 1446 1522 Missalc

140 1543 185 1608 ad
211 1559 306 1606 nsum
333 1539 467 1604 diocesis
491 1537 699 1620 Coloniensis‚
729 1561 749 1608 a
778 1541 876 1606 uariis
904 1542 1028 1606 mendis
1058 1540 1098 1608 ad
1129 1543 1238 1607 limam
1262 1543 1443 1607 redactum:

141 1629 252 1706 Atque
279 1623 432 1706 impensis
461 1622 623 1688 Francisci
651 1625 834 1707 byrckman‚
863 1625 896 1690 in
924 1627 1009 1691 alma
1037 1625 1234 1692 Parisiorum
1262 1625 1444 1705 Academia,

141 1731 162 1777 a
190 1707 394 1790 Wolffqango
423 1707 551 1790 hopylio
580 1709 770 1790 impressum
801 1714 891 1776 1520.
917 1746 959 1760 -·
984 1709 1041 1774 lclu
1071 1710 1148 1774 leode
1176 1733 1239 1774 rerer·
1268 1709 1445 1790 61119686-

141 1813 285 1880 quererere
312 1793 408 1858 dar-ira
436 1791 624 1872 oerpldclen
652 1794 763 1858 lusson.

231 1877 285 1960 15)
313 1875 445 1942 Missale
473 1877 515 1940 ad
544 1895 634 1942 sacro
664 1887 774 1944 sancte
802 1879 944 1943 Ronmm
975 1877 1107 1943 ecclesie
1136 1896 1236 1958 usum,
1267 1878 1448 1958 nuperrime

142 1981 218 2029 cum
248 1961 410 2044 plerisque
440 1961 564 2026 deuotis
591 1963 694 2042 prosis
719 1963 770 2028 uel
795 1961 972 2044 sequentiis
998 1967 1073 2026 ante
1097 1961 1157 2025 hac
1183 1979 1344 2043 nunqnam
1371 1963 1447 2026 uisis

141 2047 363 2124 efformatum,
398 2045 664 2128 peruenustisqne
692 2046 834 2112 historiis
861 2045 996 2112 ubilibet
1024 2047 1181 2128 cooptatis
1211 2045 1384 2128 expolitum
1414 2051 1448 2110 ct

140 2131 347 2198 adornatum.
397 2127 610 2196 Veunndatur
645 2131 772 2212 parisiis
807 2131 840 2195 in
875 2131 944 2195 uico
982 2129 1049 2195 dini
1076 2129 1185 2196 Iacobi
1224 2131 1311 2212 apud
1342 2129 1448 2194 Thicl-

139 2233 298 2282 manuum
312 2213 447 2294 Kerner,
474 2213 515 2279 ad
537 2215 663 2295 signum
684 2216 853 2296 unicornis,
880 2215 932 2280 ubi
959 2220 992 2280 et
1012 2215 1213 2296 impressum.
1256 2217 1321 2282 Ara
1342 2211 1448 2278 Euda:

139 2299 278 2366 Missale
305 2297 347 2363 ad
376 2298 637 2364 consuetudinem
666 2299 808 2366 Romane
844 2299 974 2364 ecclesie
1004 2299 1154 2382 peruigili
1182 2317 1260 2366 cura
1288 2319 1307 2364 a
1336 2299 1448 2380 pleriS-

141 2403 208 2468 que
237 2381 361 2448 mendis
391 2389 572 2466 purgatum,
603 2401 640 2448 ac
669 2385 798 2464 parIsiIs
824 2383 991 2448 industriis
1021 2389 1055 2449 et
1082 2385 1237 2464 impensis
1262 2381 1449 2466 peritissimi

139 2465 363 2548 bibliographi
391 2467 590 2532 Thielmanni
618 2467 743 2533 Keruer
771 2469 989 2534 uniuersitatis
1015 2468 1175 2552 parisiano
1200 2468 1325 2534 librarii
1351 2466 1449 2532 iurati

141 2551 362 2629 efformatum,
393 2551 426 2616 iu
453 2549 577 2616 officina
602 2570 661 2617 sna
686 2553 746 2617 snb
771 2553 862 2633 signo
883 2552 1043 2618 unicornis
1064 2553 1097 2616 in
1122 2554 1192 2617 uico
1218 2552 1348 2617 iacobeo
1376 2553 1448 2616 sita.

140 2641 238 2702 Auno
267 2635 380 2700 salutis
406 2639 513 2701 nostre
540 2634 798 2702 MDCOCOXX.
826 2635 876 2702 die
902 2636 1021 2702 XXIII.
1048 2637 1169 2702 mensis
1193 2637 1286 2701 lunii.
1309 2671 1351 2682 -
1372 2634 1449 2702 Dic-

140 2741 191 2786 scs
219 2720 339 2798 serrem,
367 2719 403 2782 io
429 2725 459 2784 4.
486 2719 651 2801 pedruclric
675 2719 771 2785 Bacch
796 2719 873 2786 leche
896 2720 947 2784 ich
972 2741 1032 2786 aus
1063 2721 1118 2784 der
1143 2719 1366 2802 bisclu'rjfiicbcn
1395 2721 1450 2788 Se-

139 2801 415 2870 mircorbr'lrliotbelr
444 2825 486 2868 erc
515 2803 661 2868 Miiustcr
698 2825 772 2869 azoro
803 2801 985 2872 Gedroacbc
1013 2805 1151 2870 erboltco
1180 2806 1247 2870 orac
1275 2825 1315 2884 cs,
1345 2804 1388 2870 do
1417 2825 1449 2870 ea

133 2893 206 2975 fiir
234 2890 284 2953 die
311 2887 428 2954 iratres
457 2887 596 2954 minores
625 2908 650 2956 s.
679 2889 842 2954 Francisci
870 2891 1023 2954 ocsrtmmt
1049 2911 1133 2970 war,
1162 2891 1211 2954 ola
1239 2889 1329 2956 Miss.
1357 2887 1449 2956 fratr.

144 2972 252 3039 Paris.
291 2977 372 3036 1520
405 2972 581 3055 ertpefr'c'brt.
633 2971 673 3037 Ira
708 2973 821 3037 diesem
849 2975 984 3039 Messala
1019 2973 1121 3039 stelceo
1149 2979 1170 3038 6
1198 2975 1377 3057 Sequerrrcrr
1405 2997 1449 3040 arr

143 3055 381 3124 eersclricrleoeo
414 3055 539 3134 5161161,Ι
580 3056 635 3122 Bl.
671 3059 814 3122 51-80:
854 3063 1031 3140 sequuntur
1071 3059 1138 3141 (24)
1178 3061 1342 3140 sequentia
1382 3061 1451 3126 siue

144 3159 246 3228 prose
271 3141 406 3206 multum
431 3141 547 3206 deuote
573 3147 606 3206 ct
631 3141 671 3207 ad
698 3141 903 3208 donationem
929 3144 1069 3208 animum
1094 3143 1268 3209 excitantes
1293 3163 1352 3225 pro
1377 3151 1452 3210 uoto

147 3225 381 3292 celebrantium
411 3225 544 3291 dicende
572 3228 623 3292 uel
652 3223 842 3308 omittendo,
883 3234 979 3309 prout
1008 3229 1104 3292 etiam
1134 3227 1305 3295 laudabilis
1333 3233 1367 3294 et
1396 3247 1452 3294 an-

145 3313 243 3392 tiqua
277 3309 472 3375 consuetudo
508 3310 680 3375 multorum
714 3316 781 3376 tarn
819 3313 852 3378 in
887 3313 998 3377 ordine
1037 3314 1195 3376 minorum
1236 3331 1331 3394 qnam
1372 3311 1449 3379 alibi

145 3395 258 3461 habet.
302 3393 425 3458 Deinde
453 3399 629 3475 sequuntur
659 3394 748 3476 (132)
779 3397 944 3478 sequentia
977 3395 1045 3460 siue
1073 3415 1169 3478 prose
1198 3395 1238 3461 dc
1267 3397 1394 3461 sanctis.

237 3481 290 3558 16)
320 3477 439 3544 Textus
468 3478 715 3560 sequentiarum,
746 3497 771 3544 a.
796 3481 872 3545 olen
903 3478 1095 3546 Wackerrc
1105 3481 1188 3560 cycl
1215 3481 1245 3544 5.
1272 3517 1314 3528 -
1338 3479 1453 3544 Druck

145 3563 218 3628 arrd
243 3563 454 3644 Ausetattccnq
478 3563 622 3627 stimmcn
640 3583 744 3643 percote
767 3561 893 3630 ilberer'rr
917 3563 974 3627 ruit
998 3565 1052 3628 (ier
1075 3564 1242 3646 Expositio
1263 3565 1453 3646 hymnorum

147 3647 301 3732 perutilis
329 3647 539 3727 omnibusque
567 3647 722 3727 salubris,
759 3645 808 3712 dic
836 3647 917 3716 oaclr
945 3647 1023 3712 olcrrc
1050 3648 1183 3728 Arrpobo
1210 3650 1262 3712 des
1291 3649 1453 3714 Drnclrers

146 3733 219 3797 arrd
244 3729 447 3810 D-ruclcortes,
478 3731 552 3796 aber
579 3731 661 3796 coela
685 3731 800 3796 Daniel
828 3733 854 3812 Ι1
884 3731 1002 3798 XVIII.
1029 3733 1062 3797 iu
1087 3732 1211 3798 officina
1237 3733 1452 3812 Quintclliana

148 3817 238 3882 circa
266 3833 384 3880 annum
411 3813 607 3880 MGOCGXG
636 3815 672 3879 c'ra
700 3813 788 3880 Kolo
816 3817 991 3882 ersclcr'cocu
1018 3817 1068 3881 cst.

238 3901 291 3983 17)
323 3899 494 3981 Sequentia
523 3906 556 3965 61
583 3900 691 3982 hymni
716 3917 775 3982 per
799 3907 903 3967 toturn
927 3920 1054 3966 annum.
1096 3902 1161 3965 Am
1186 3899 1293 3966 Eride:
1323 3901 1455 3966 Fininnt

148 3984 316 4065 sequeutie
352 3991 386 4050 61
421 3983 529 4065 hymni
563 4001 620 4067 per
655 3988 759 4050 toturn
793 4005 912 4052 annum
949 3993 1016 4051 tarn
1045 3985 1085 4050 de
1115 3991 1258 4066 tempore
1286 4003 1383 4066 quarn
1413 3984 1453 4048 de

148 4070 282 4136 sanctis.
326 4067 478 4150 Impressi
498 4067 672 4134 Danentrie
701 4087 758 4152 per
786 4089 836 4135 me
865 4069 1060 4135 Richardnm
1088 4069 1232 4154 paffraet.
1276 4070 1367 4134 Anno
1398 4069 1453 4132 do·

146 4153 229 4219 mini
257 4151 513 4217 MDCCOXCV.
557 4153 687 4217 Decima
721 4170 806 4219 nona
839 4153 925 4236 liaij.
954 4159 984 4218 4.
1033 4158 1076 4216 44
1111 4153 1292 4237 crrpcadlclte
1319 4151 1454 4218 Bicltter.

149 4235 207 4301 Bi.
236 4239 352 4298 2—22
379 4235 482 4301 scalon
512 4239 556 4300 52
583 4235 770 4319 Sequerceco.

238 4323 291 4400 18)
321 4319 565 4402 Sequentiarum
591 4320 753 4387 luculenta
774 4323 999 4404 interpretatio
1020 4321 1137 4388 nedum
1162 4321 1374 4396 scholasticis,
1400 4321 1456 4386 sed

149 4409 186 4470 et
213 4405 437 4470 ecclesiasticis
467 4406 597 4486 cognitu
626 4407 806 4472 necessaria
835 4426 892 4490 por
920 4407 1006 4471 loon.
1038 4405 1456 4488 Adolphumiphysicmn

149 4489 365 4569 Argentinum
390 4487 531 4555 collecta.
574 4492 666 4556 Auno
691 4489 811 4556 domini
836 4491 1009 4556 llDXlIl.
1042 4490 1115 4571 (Per
1139 4493 1227 4556 Ioan.
1254 4490 1455 4570 Kuoblaueh,

149 4573 401 4653 Argentinornm
429 4575 654 4655 impressorem
680 4573 893 4658 Impressum.)
923 4612 964 4624 —
993 4573 1042 4638 rsc
1070 4576 1119 4640 die
1143 4574 1275 4656 Acpobc
1300 4574 1355 4639 der
1380 4577 1457 4641 Les-

150 4662 244 4722 arten
280 4677 341 4721 aare
368 4657 533 4739 Adelphos
569 4659 616 4722 bei
643 4657 758 4724 Daniel
793 4659 832 4742 (s.
863 4677 897 4736 6,
937 4659 969 4740 1)
1007 4658 1135 4740 riclam,
1173 4679 1207 4722 so
1238 4658 1346 4724 weiolrt
1375 4659 1456 4724 dicae

151 4739 304 4826 Ausyabe
329 4761 389 4808 ooo
416 4742 471 4809 der
502 4743 659 4810 eusdem
687 4738 721 4808 J.
751 4740 921 4812 MDXIX
946 4741 1015 4808 bier
1042 4745 1110 4810 uod
1136 4743 1180 4808 do
1209 4743 1258 4808 ab.
