3186 5254
639 221 871 290 -ols-

104 409 136 473 ³.
164 401 302 484 oquam
318 399 400 468 dura
779 410 810 472 4.
835 401 923 485 Ergo
937 401 1051 470 laudes

161 485 217 553 Fit
231 491 345 553 ustura
835 485 1107 554 Pellantiraudes

164 567 345 636 Carbonum
362 569 558 639 ardentium:
835 571 875 637 Ei
889 570 1125 640 famulantium:

165 654 268 721 Ornat
281 651 377 722 funus
834 655 916 722 Nam
932 655 986 737 qui
1002 657 1096 724 corde

163 737 248 804 Puer
261 755 344 803 unm
835 739 919 806 Puro
935 741 1028 805 sorde

164 819 243 890 Gom
257 820 355 888 turbo
369 819 533 888 nobilium.
835 822 943 891 Poscit
957 821 1156 903 beneficium,

837 907 955 992 Sospes
968 907 1161 991 regreffltur.
1189 908 1299 975 Amen.

177 1012 273 1072 cht.
308 1009 388 1072 Miro.
405 1011 485 1072 fratr.
503 1013 593 1074 Paris.
613 1017 691 1072 1520.

661 1177 860 1198 nunu-nav·-

398 1297 469 1362 759.
512 1295 565 1364 De
584 1315 610 1360 e.
633 1296 753 1382 Aquetc
772 1296 896 1379 cimice
917 1301 946 1363 ei
965 1302 1116 1382 martyre.

348 1409 426 1480 (Gai.
445 1412 478 1468 ia
495 1409 578 1482 Roas,
595 1417 664 1483 aaut.
686 1427 733 1471 am
750 1415 812 1485 304,
831 1414 943 1471 ocrem
960 1429 1007 1470 ara
1023 1419 1067 1472 21.
1084 1411 1165 1484 Jan.)

493 1519 608 1590 (Auctor
625 1525 670 1578 ost
685 1517 775 1578 Adam
793 1519 828 1576 ds
845 1519 872 1576 S.
892 1518 1024 1590 Victore.)

109 1638 564 1722 1.Aminemoraoagoncm‚
780 1647 809 1708 6.
835 1641 956 1708 caecus
971 1658 1082 1706 amans
1097 1639 1163 1707 indi
1188 1643 1283 1705 natur

162 1721 547 1820 Recoientespossionem
836 1725 881 1792 Et
894 1725 1074 1808 irrumpens
1091 1657 1294 1806 praefocatur

165 1807 328 1874 Glorrosue
343 1808 492 1889 virginis:
836 1807 1163 1892 Amalignospiritu:

166 1890 410 1958 Contrectantes
425 1908 551 1958 socrum
566 1890 687 1977 florem,
835 1894 941 1975 Luget
956 1897 1057 1974 pater,
1073 1891 1185 1973 lugent
1199 1891 1314 1970 cuncti,

164 1975 573 2058 Respiremusadodorem
835 1977 1112 2058 Romaflevitpro
1128 1973 1269 2042 defimcti

164 2059 342 2142 Respersae
357 2059 542 2127 dulcedinis.
835 2059 1121 2128 Iuvenisinteritn.

110 2146 139 2210 2.
165 2143 312 2224 Pulchro,
329 2144 469 2227 prudens
483 2152 516 2212 at
529 2143 666 2212 illustris

164 2229 233 2295 lam
249 2227 372 2294 duobus
386 2227 494 2310 Agnes
509 2228 621 2294 lustris

165 2311 315 2380 Addebat
329 2311 520 2378 triennium:
782 2323 811 2384 7.
838 2311 1020 2378 Suscitatnr
1034 2309 1074 2376 ab
1089 2311 1224 2392 Agneta,

165 2393 277 2462 Proles
291 2399 379 2461 amat
392 2397 474 2462 hanc
487 2393 650 2479 praefecti,
835 2395 943 2462 Turba
956 2393 1064 2462 tremit
1076 2393 1258 2474 indiscrete,

166 2477 231 2546 Sed
246 2480 288 2546 ad
303 2479 373 2546 eius
388 2479 477 2563 virgo
492 2478 578 2548 flecti
836 2477 1240 2574 Rogumparantvirginif

165 2561 304 2646 Respuit
317 2563 496 2630 arbitrium.
837 2563 1164 2646 Rogusardensraoa
1181 2565 1257 2640 unt,

110 2645 141 2710 3.
165 2647 312 2714 Miraris
328 2647 412 2726 fidei,
836 2650 874 2716 In
889 2649 1029 2714 furentes
1044 2645 1172 2712 flamma
1189 2641 1268 2710 furit

165 2732 251 2800 Mira
264 2732 443 2814 virginitas,
837 2731 926 2800 Dans
942 2731 1094 2798 honorem
1108 2728 1240 2798 numini.

166 2815 252 2884 Mira
264 2815 400 2897 virginei

167 2899 280 2966 cordis
293 2899 474 2982 integritas.

167 2985 221 3052 Sic
235 2982 295 3051 Dei
311 2981 396 3050 tilius
781 2989 812 3055 8.
838 2983 956 3050 Grates
971 2999 1069 3066 egeus
1084 2979 1238 3048 salvatori

166 3066 254 3134 Nutu
269 3067 409 3134 mirabili
838 3069 959 3135 Guttnr
972 3065 1064 3133 offert
1079 3065 1157 3132 haec
1170 3064 1286 3142 lictori,

168 3151 210 3218 So
223 3149 401 3218 mirabilius
836 3151 1084 3218 Necudhoram
1099 3150 1193 3215 timet
1207 3149 1289 3215 mori

166 3235 280 3304 Prodit
293 3234 328 3300 iu
341 3233 459 3317 fragili.
836 3236 993 3302 Puritatis
1009 3231 1151 3301 conscia:

111 3313 141 3375 4·
165 3320 313 3401 Languet
327 3336 447 3398 amans,
462 3317 558 3385 cubat
572 3318 666 3400 lecto,
836 3321 954 3402 Agnes,
970 3319 1044 3402 ogni
1058 3314 1211 3384 salutaris

166 3405 318 3486 Languor
332 3409 428 3469 notus
442 3399 665 3486 repraesento,
837 3405 934 3471 Stans
948 3405 991 3470 ad
1006 3403 1160 3481 dextram,
1175 3395 1324 3483 gloriaris

165 3485 484 3555 Muturatremedia:
836 3485 1234 3572 Etparentcsconsolaris

167 3569 270 3641 Offert
283 3571 394 3652 multo,
409 3571 546 3654 spondet
559 3571 652 3656 plura
837 3569 1181 3654 Invitansadgaudia

164 3656 332 3724 Petiturus
346 3655 498 3740 peritura,

165 3738 231 3806 Sed
246 3739 402 3806 vilescunt
420 3739 535 3806 omnia.

111 3815 140 3878 ⁶·
165 3824 292 3893 Nudam
306 3823 472 3906 prostituit
780 3829 810 3893 9.
836 3821 1113 3891 Nateflerentut
1130 3819 1323 3897 defunctam,

164 3907 300 3974 Praeses
317 3906 460 3990 flagitiis,
836 3907 905 3975 Iam
920 3907 1052 3974 coelesti
1068 3922 1186 3986 sponso
1199 3904 1341 3972 iunctam

165 3990 268 4070 Quam
283 3991 430 4058 Christus
445 3989 551 4058 induit
836 3992 896 4057 His
911 3991 972 4058 sub
986 3991 1061 4073 agni
1077 3988 1180 4056 torma
1194 4006 1286 4054 snam

166 4075 335 4141 Gomarnm
350 4073 481 4140 fimbriis
835 4075 1002 4142 Revelavit
1016 4081 1113 4158 atquc
1127 4078 1217 4138 tuam

166 4159 319 4242 Stoloqua
333 4158 472 4226 coelesti.
836 4159 1034 4242 virginalem
1052 4158 1205 4240 gloriam:

165 4241 323 4312 Caelestis
337 4245 471 4309 nuncius
835 4242 902 4309 Noa
917 4243 958 4308 ab
972 4261 1055 4324 agno
1071 4241 1205 4308 soluturi

163 4325 453 4410 Assistitpropius,
835 4325 1072 4410 Nonpcrmitte
1088 4325 1241 4410 separari,

165 4411 253 4478 Gella
266 4411 409 4478 libidinis
837 4409 1059 4478 Ouitetotam
1075 4409 1276 4489 consecrasti,

164 4494 219 4562 Fit
235 4495 323 4560 locus
338 4494 478 4574 luminis,
836 4493 934 4562 Cuius
950 4513 1009 4579 ope
1025 4499 1061 4562 tu
1075 4494 1197 4562 curasti

160 4577 486 4652 ,Turbanturinoesti
650 4629 656 4640 .
834 4577 982 4647 Nobilem
996 4579 1225 4650 consanum.

148 4679 410 4736 marom
1164 4682 1205 4750 3³
