3266 5222
790 297 1018 362 -195-

503 477 572 540 251.
619 475 660 540 Ia
674 479 886 558 assunrptimte
900 477 1008 544 macae
1023 477 1155 542 Mariae
1170 475 1310 558 cirpinis.

261 613 288 674 l.
314 609 418 676 Meter
432 611 547 676 summi
562 611 680 676 domiui

314 693 388 760 Siue
404 701 491 760 tactu
507 697 633 760 termini
984 699 1091 776 Agnos
1107 701 1281 775 congregat

314 779 457 844 Salutem
473 779 571 844 donat
587 780 720 860 homini;
984 781 1021 844 Iu
1038 781 1144 844 aulam
1160 781 1380 862 reelomptoris

313 863 436 944 Regina
451 881 605 942 generosa
985 863 1092 930 Nostri
1107 864 1338 944 gubernatoris

315 949 432 1012 Natum
451 949 585 1028 peperit,
986 947 1122 1012 Pulchra
1137 953 1197 1012 ete.

315 1033 446 1096 Hostem
462 1034 597 1096 conterit

314 1115 416 1180 Maria
433 1116 584 1194 gloriosa,
929 1123 956 1182 4.
984 1115 1122 1180 Matrem
1138 1115 1257 1180 Christi
1272 1113 1438 1194 credimus,

314 1201 427 1266 Suavis
442 1207 475 1264 et
493 1197 640 1264 forruosa.
984 1199 1074 1264 Hanc
1089 1219 1159 1264 esse
1174 1200 1386 1280 eognovimus,

314 1282 452 1348 Pulchro
465 1283 554 1361 socie,
983 1283 1084 1359 Qunam
1100 1285 1131 1348 in
1148 1283 1262 1348 divinis
1277 1282 1420 1364 legimus,

314 1367 412 1431 Plena
427 1369 559 1446 gratiae,
983 1367 1112 1432 ludaeis
1128 1386 1190 1432 nou
1206 1367 1339 1446 videtur,

314 1451 501 1532 congaudet
516 1453 604 1532 virgo
622 1452 683 1532 pia,
983 1451 1064 1516 Nam
1079 1451 1212 1533 perfidia

312 1537 445 1608 θεοτόκος
462 1535 573 1600 Maria.
982 1535 1025 1599 Et
1044 1535 1164 1599 invidia

258 1615 286 1673 2·
313 1619 427 1684 Matris
443 1637 585 1684 summae
599 1617 697 1682 filium
982 1619 1018 1682 lu
1035 1621 1185 1684 cordibus
1202 1617 1345 1696 habetur,

312 1703 454 1786 Populus
469 1703 633 1783 gentilium
982 1703 1031 1766 Ab
1046 1703 1096 1768 his
1111 1723 1173 1766 nou
1190 1709 1379 1766 removetur.

312 1789 435 1852 Aeioret
450 1793 482 1852 et
498 1807 559 1852 uou
576 1788 682 1866 alium,
982 1787 1119 1852 Pulchra
1133 1793 1191 1852 ete.

312 1873 374 1949 Qui
389 1871 477 1954 lapsa
492 1872 663 1954 reparavit,

312 1955 410 2020 Ovem
425 1957 594 2036 perditam,

314 2039 404 2122 Lupo
420 2041 580 2118 traditum,

986 613 1104 678 Hostes
1119 612 1275 692 vuluerat,

929 1963 956 2018 5.
984 1953 1087 2018 Matre
1103 1953 1221 2017 Christi
1240 1953 1354 2017 teritur

982 2037 1340 2108 {mmmmmmm

312 2121 413 2198 Qunam
430 2131 538 2206 pastor
552 2123 710 2200 liberavit,
983 2123 1149 2206 Decipitur
1164 2125 1196 2185 et
1214 2119 1359 2200 vincitur,

311 2209 360 2272 Ad
378 2227 506 2290 gregem
523 2209 706 2292 reportavit.
983 2207 1048 2272 Nos
1063 2213 1168 2270 aretem
1185 2205 1373 2270 liberuumr:

312 2291 448 2356 Pulchra
462 2297 522 2355 etc.
984 2291 1070 2370 Ergo
1086 2289 1179 2354 leutio

257 2369 286 2428 3·
312 2376 408 2440 Matri
424 2395 565 2440 summac
580 2376 682 2456 gloria
984 2375 1062 2440 Cum
1079 2373 1219 2454 tripudio

311 2459 413 2524 Detur
429 2477 499 2524 cum
514 2459 646 2536 laetitia,
985 2459 1133 2540 Legatos.
1151 2459 1367 2540 deprecamur,

313 2543 391 2608 Nam
409 2549 510 2610 mater
524 2551 573 2609 est
588 2549 621 2606 et
635 2541 710 2616 filia,
984 2543 1100 2608 Orunes
1115 2541 1382 2622 congratulamur.

310 2625 441 2692 Habeas
455 2625 564 2690 florem
580 2627 718 2708 pudoris,
982 2625 1120 2690 Pulchra
1137 2633 1194 2688 etc.

327 2753 352 2790 a.
373 2734 465 2790 Teuc
501 2737 584 2796 Minue
603 2736 655 2790 No.
675 2738 727 2788 448
748 2735 783 2802 (2,
805 2736 874 2803 155.)
895 2751 961 2788 aus:
987 2733 1038 2788 Hs.
1058 2751 1095 2788 ea
1114 2731 1204 2788 Grata
1224 2737 1292 2802 ⁴251.
1319 2735 1360 2784 13.
1378 2729 1479 2786 Jahrb.
1504 2729 1556 2782 vait

256 2805 388 2861 Neumcu.
424 2807 523 2860 Daniel
542 2807 574 2876 V,
594 2809 654 2860 295,
674 2807 723 2858 liet
742 2806 795 2858 deu
814 2805 882 2858 Teu-t
901 2823 953 2859 ores
972 2805 1065 2860 Mona.

328 2894 354 2948 b.
375 2893 558 2948 Leserteu.
595 2899 621 2960 3,
642 2898 665 2948 3.
686 2894 765 2947 Nunc
783 2899 848 2946 mat.
868 2893 918 2946 het
937 2893 981 2946 ch'e
1000 2889 1053 2946 Hs.

327 2997 349 3034 c.
369 2981 523 3036 Beneerk.
561 2979 653 3048 ,‚Muu
673 2981 794 3034 iverrverhe
812 2984 842 3034 in
863 2981 963 3034 diesem
983 2981 1071 3034 Liede
1090 2979 1261 3048 (lietduinum,
1282 2979 1348 3034 dass
1362 2977 1557 3047 jedeb'trophe

258 3051 308 3105 mit
327 3061 415 3106 mater
434 3053 562 3122 errfduph
590 3053 634 3104 die
660 3054 721 3105 dree'
745 3058 834 3105 ersten
861 3051 907 3105 ihr
927 3053 977 3104 deu
998 3051 1151 3105 Reinemeu
1172 3067 1277 3104 sivimus
1300 3053 1330 3104 iu
1349 3050 1557 3104 verschiedeuer

256 3123 422 3250 233?ng
439 3125 532 3194 peden,
557 3125 615 3178 arrd
640 3125 715 3177 dicse
738 3126 768 3176 iu
798 3125 850 3177 den
869 3123 965 3176 beiden
985 3123 1085 3176 ieteten
1104 3123 1192 3176 (durch
1212 3121 1312 3178 Christi
1331 3123 1436 3176 erhleirt
1455 3120 1557 3176 wird.“

559 3513 628 3572 252.
671 3507 724 3572 De
737 3510 951 3590 assumptione
967 3509 1072 3574 beatae
1087 3507 1218 3572 Mariae
1232 3527 1260 3572 o.

259 3649 284 3710 l.
310 3643 469 3723 Vergente
485 3639 593 3706 nruudi
610 3661 742 3726 vespere

310 3725 429 3792 Serouo
445 3723 536 3790 fusus
552 3725 656 3790 sidere

310 3809 396 3876 Coeli
413 3810 558 3891 procedit
573 3809 699 3888 radius;

311 3893 428 3958 Induto
443 3893 546 3957 carnis
562 3912 667 3972 onere,

312 3979 409 4043 Sacro
425 3977 584 4058 dependet
598 3979 697 4044 ubere

311 4061 416 4128 Patris
432 4061 552 4126 aeterni
567 4059 660 4127 filius.

257 4233 285 4296 2.
312 4226 349 4292 Iu
366 4225 525 4293 Gedeonis
541 4227 659 4292 vellere

312 4311 354 4374 Et
368 4311 401 4376 in
416 4312 486 4376 rubi
502 4313 685 4390 charactere

313 4395 552 4476 Pracfiguratus
568 4397 724 4462 cernitur:

313 4477 410 4543 Cuius
425 4487 537 4562 aperto
553 4481 653 4546 latere

314 4562 407 4628 Cedit
421 4565 566 4630 velamen
581 4565 708 4630 litterae

312 4645 355 4712 Et
368 4648 419 4714 lex
435 4657 527 4714 vetus
542 4650 719 4730 exponitur.

928 3653 957 3710 3.
984 3647 1190 3711 Sacramenta
1205 3661 1305 3708 novae
1320 3639 1399 3720 legis

983 3729 1021 3796 Iu
1036 3749 1186 3812 pressura
1202 3727 1322 3792 Christi
1337 3727 1422 3806 regis

983 3813 1026 3878 Et
1040 3815 1072 3878 iu
1088 3813 1190 3878 crucis
1208 3809 1363 3876 ludibrio:

983 3899 1152 3962 Planctum
1167 3895 1282 3960 ‹loceut
1297 3893 1452 3958 Ieremiae

983 3981 1026 4046 Et
1040 3981 1211 4062 languores
1228 3979 1341 4059 Isayae

961 4097 966 4108 ·
984 4065 1082 4146 Regis
1098 4065 1156 4130 alti
1174 4061 1356 4144 suspendio.

929 4243 957 4302 4.
985 4233 1093 4312 Virgo,
1110 4231 1199 4296 sidus
1216 4229 1390 4310 singulare,

984 4315 1092 4396 Virga,
1109 4315 1218 4380 ureindi
1241 4315 1408 4392 luminare,

984 4399 1104 4465 Christi
1121 4399 1249 4482 profusa
1265 4397 1406 4480 genibus.

983 4485 1035 4549 Illi
1051 4484 1135 4548 refer
1152 4485 1247 4562 latus,
1262 4485 1341 4562 lora,

984 4567 1110 4648 Spinas,
1126 4567 1232 4632 elavos
1247 4573 1279 4632 et
1293 4583 1408 4648 perora

985 4651 1044 4718 His
1062 4651 1356 4718 intercessionibus.

1288 4766 1354 4830 13*Ι
