3234 5246
632 233 863 300 -388—

460 423 529 487 559.
573 419 626 486 Dc
647 439 673 487 a.
695 419 869 488 Eustochio
890 423 1040 502 martyro.

97 535 197 604 (Hiera
215 549 267 592 aar
284 537 375 592 trister
393 535 560 610 Bebebrunp
577 537 723 608 Placidum,
750 555 811 594 war
837 537 988 592 rdmiacber
1006 535 1145 594 Faldltrrr
1171 535 1231 592 uod
1247 535 1325 591 alorb
1345 535 1397 590 den

96 607 297 680 Martyres-lod
314 609 353 662 im
370 607 398 662 J.
418 612 478 680 120,
496 611 607 667 umebrt
625 627 671 666 om
688 609 826 680 auaepc„
845 609 917 664 noch
936 609 1083 664 dambliss.
1094 608 1189 663 Pater.
1209 623 1256 662 aaa
1274 610 1299 662 2.
1310 603 1396 674 Nou.)

98 734 127 793 1.
154 728 310 810 Tempore
325 729 385 796 sub
399 730 524 812 gratiae
825 728 1184 797 Commouitsaevitiam

154 812 303 880 Nondum
317 814 413 896 plena
424 813 505 882 iaoie
828 813 1111 893 InDeimilitiam

154 897 256 962 Roma
269 895 332 964 fide
347 897 473 972 claruit,
827 897 966 964 Perdere
980 915 1076 980 quam
1091 895 1215 962 meluit.

154 981 218 1048 Sed
233 982 334 1048 errori
352 983 473 1066 patuit:
771 986 800 1046 4.
828 981 939 1048 Oritur
954 981 1167 1065 dispendium,

155 1066 205 1132 Ab
219 1067 467 1148 imperatoribus
826 1066 999 1134 Daemonis
1013 1065 1207 1148 stipendium

154 1151 198 1216 Et
212 1150 325 1216 horum
340 1151 503 1218 erroribus
828 1151 926 1218 Bonis
940 1149 977 1216 fit
990 1149 1187 1216 incendium:

825 1236 864 1302 In
879 1235 939 1301 Dei
953 1234 1160 1300 vernaculum

826 1318 1022 1386 Mansuescit
1036 1315 1212 1400 periculum

827 1403 938 1470 Crucis
953 1401 1204 1484 obsignaculnm‚

827 1487 921 1565 Quod
935 1487 969 1553 in
983 1487 1079 1553 corde
1094 1485 1184 1552 aluit.

772 1569 800 1630 5.
826 1571 942 1638 Poenis
957 1570 1033 1636 dum
1048 1569 1198 1648 inlicitur,

826 1656 906 1737 Igne
921 1674 984 1722 non
1000 1652 1146 1734 afficitur,

829 1738 969 1823 Spiritus
983 1737 1124 1804 allicitur

828 1823 878 1889 Ad
892 1822 1011 1906 gaudia
1025 1821 1160 1888 coelica:

828 1907 922 1972 Sorte
935 1906 1101 1972 meritoria

828 1991 964 2058 Exultat
978 1991 1011 2055 in
1026 1989 1129 2072 gloria

153 2075 225 2142 Non
240 2075 316 2142 tulit
330 2075 416 2158 quod
430 2075 550 2142 veritas
828 2075 895 2140 Sua
909 2093 968 2157 pro
982 2073 1118 2140 uictoria

153 2159 300 2226 Prodidit
314 2159 487 2239 iustitiam
828 2159 938 2226 Turba
952 2177 1024 2226 cum
1039 2155 1192 2240 angelica.

169 2283 195 2323 a.
213 2265 307 2322 Text.
344 2267 446 2324 Daniel
464 2267 501 2335 11,
520 2269 574 2322 229
593 2281 627 2321 ex
645 2265 724 2321 llius.
742 2265 902 2324 Patavisnsi
922 2268 1000 2322 1491.

168 2356 194 2412 b.
214 2353 395 2413 Leaortau.
414 2357 440 2426 5,
459 2359 485 2413 5.
504 2354 616 2427 „procul
629 2353 711 2411 dubio
729 2353 877 2426 legendnm
895 2361 939 2412 ast
956 2354 1169 2412 meritoriu.“
1188 2351 1289 2410 Daniel
1299 2353 1324 2422 3,
1334 2352 1397 2406 277.

153 1233 328 1300 Prolanata
342 1235 477 1316 languit.

95 1320 127 1380 2.
155 1317 203 1384 Nc
217 1322 354 1400 regnent
367 1317 491 1386 inficiae

154 1403 221 1468 Rex
236 1421 346 1483 regum
361 1403 504 1470 iustitiae

155 1485 211 1552 Uti
227 1505 320 1554 suum
335 1487 498 1554 brachium

156 1571 269 1636 Erexit
284 1571 503 1650 Eustachium,

156 1654 292 1722 Militem
308 1655 503 1722 laudabilem

154 1739 197 1804 Et
211 1741 244 1804 in
258 1738 321 1804 fide
336 1738 494 1819 stabilem,

154 1821 216 1900 Qui
230 1821 382 1906 profanos
398 1823 514 1906 arguit.

95 1905 127 1966 3.
155 1907 298 1974 Romana
313 1909 500 1990 proceritas,

154 1991 287 2058 Adriani
302 1991 416 2058 feritas

359 2675 430 2738 560.
473 2670 525 2738 De
545 2692 571 2739 a.
592 2671 759 2744 Feliciouo
779 2677 924 2760 episcopo
946 2678 976 2740 et
995 2677 1144 2758 manure.

251 2791 349 2862 (Storb
367 2808 404 2850 ru
422 2789 496 2847 Rom
514 2791 558 2848 uls
577 2792 725 2868 Martyres
742 2796 802 2852 aad
818 2795 893 2852 roird
913 2809 959 2851 am
976 2797 1021 2850 24.
1038 2793 1104 2850 Joo.
1123 2791 1254 2862 cerebri.)
1351 2787 1361 2800 '

797 2923 827 2988 4.
847 2917 922 2984 Divi
935 2919 1047 2999 iugum
1062 2935 1102 2983 en
1115 2913 1244 2997 laboris,

845 3001 939 3068 Hunc
952 3001 1100 3084 provexit
1113 2999 1154 3065 ad
1169 2997 1301 3066 honoris

845 3086 941 3152 Tanti
955 3085 1221 3168 magnitudinem:

845 3169 888 3236 Et
904 3169 944 3236 ob
960 3186 1069 3234 curam
1085 3167 1272 3252 ampliorem

845 3254 906 3320 Est
920 3253 1057 3337 adeptus
1072 3253 1239 3318 celsiorem

845 3337 915 3404 Illic
929 3335 1168 3420 gratitudinem.

123 2923 152 2983 1.
171 2916 223 2982 Ad
237 2920 408 2982 concentus
424 2914 601 2981 animemur

171 3001 214 3068 Et
227 2999 395 3083 psallendo
410 2999 617 3066 collaetemur

171 3084 238 3152 Piis
253 3103 325 3150 cum
339 3083 531 3151 intentibus:

172 3171 274 3235 Voces
288 3169 372 3236 uotis
386 3168 607 3250 subornamus,

171 3251 218 3319 llt
233 3253 383 3318 decenter
397 3251 622 3320 concordemus

172 3337 280 3404 Festis
294 3337 328 3402 in
342 3338 578 3420 praesentibus:

170 3421 277 3489 Labor
292 3420 422 3502 linguae
436 3439 510 3486 uam
524 3420 693 3502 frustatur,

171 3504 206 3572 Si
220 3522 310 3571 mens
324 3505 394 3570 voci
408 3523 472 3571 non
488 3511 646 3588 aequatur

171 3591 209 3655 In
225 3589 456 3656 devotionibus.

123 3673 152 3738 2.
173 3672 267 3740 Unde
282 3674 417 3762 simplex
431 3673 474 3740 sit
489 3677 523 3740 et
536 3673 589 3771 pia

173 3758 311 3825 Nostrae
325 3758 412 3824 vocis
426 3775 580 3838 armoma,

171 3843 273 3922 Quam
289 3843 408 3908 sanctis
424 3841 611 3908 deferimus:

170 3926 255 3992 Laus
269 3945 343 3992 uam
358 3945 430 3992 eum
445 3927 565 3992 sanetis
581 3925 707 4004 dicitur,

797 3553 825 3614 5.
843 3547 989 3646 Quantus
1007 3563 1084 3628 ergo
1099 3546 1142 3644 sit
1155 3545 1189 3612 in
1203 3544 1301 3642 coelis

844 3627 1276 3798 llltlttlllllllll

844 3799 888 3867 Et
902 3817 998 3882 quam
1013 3817 1129 3880 magna
1143 3801 1305 3864 mereatur

845 3885 923 3950 Eius
937 3885 1040 3950 uirtus
1055 3885 1082 3950 si
1096 3887 1259 3966 pensatur,

171 4011 305 4077 Haecin
320 4010 388 4076 Deo
403 4009 577 4093 perficitur,

172 4094 232 4160 His
247 4098 305 4160 aut
318 4095 395 4177 qnid
411 4094 580 4177 egerimus.

123 4175 152 4242 3.
171 4179 243 4245 Non
257 4182 405 4262 putemus
420 4197 496 4264 ergo
512 4197 638 4260 vanum,

172 4263 323 4330 Sanctum
341 4262 368 4329 si
382 4263 577 4330 Felicianum

171 4347 358 4414 Tractemus
374 4347 537 4414 devotius:

171 4429 233 4508 Qui
247 4437 429 4498 sanctorum
445 4431 627 4514 agminibus

171 4515 208 4581 In
223 4515 381 4598 supremis
396 4515 563 4584 ordinibus

171 4599 313 4668 Effectus
328 4604 379 4668 est
393 4601 507 4668 socius.

845 3969 929 4036 Vere
943 3987 1006 4036 non
1018 3967 1201 4050 ambigitur.

797 4184 826 4246 6.
846 4176 994 4246 Nondum
1009 4175 1137 4259 quidem
1151 4174 1332 4258 baptisatus

845 4261 964 4329 Christi
979 4261 1075 4328 fidem
1089 4261 1266 4344 inspiratus

844 4346 965 4412 Dilexit
979 4347 1151 4414 sincerius:

844 4430 944 4496 (luins
959 4449 1064 4498 mores
1080 4431 1156 4498 dum
1170 4429 1304 4509 notavit,

845 4513 952 4582 Sacris
968 4514 1062 4582 scolis
1076 4515 1161 4582 bunc
1175 4511 1316 4600 aptavit,

844 4599 982 4668 Sanctus
996 4599 1212 4668 Eleutheriou.
