3210 5230
660 257 805 326 ...506
847 287 891 306 .-

504 443 575 507 8⁷4.
618 437 661 504 In
682 439 875 508 dedicatione
893 437 1047 506 mesiae.

155 582 182 640 1.
200 573 571 654 Ecclesicedesponsoto
823 577 852 642 8.
869 569 1111 641 Hoclohcnnes
1125 567 1371 652 contempletur,

200 657 345 724 Laudem
361 657 476 723 summi
492 655 688 723 Patrisneto
870 658 908 724 In
923 657 983 722 hec
997 657 1091 738 plene
1104 653 1317 734 coniungatur

201 743 416 808 Decantemus
430 741 588 806 carmine:
872 739 964 820 Quod
978 757 1113 823 sponsus
1128 737 1296 804 ecclesiae:

201 826 293 892 Hanc
307 827 362 906 qui
377 825 440 892 sibi
455 823 660 906 desponsavit
873 825 934 903 Qui
950 819 1319 890 nossuoccommsnsoli

202 911 306 992 Atque
322 909 372 975 sui
390 907 561 976 fabricavit
874 909 939 974 Det
951 909 985 974 in
999 913 1088 974 veste
1102 905 1239 988 nupciali

202 993 328 1060 Lateris
344 1011 382 1057 ex
397 991 569 1076 sangnine;
875 991 1030 1072 Coniungi
1046 990 1260 1072 praesentiae.

155 1081 184 1140 2.
206 1075 252 1143 Ut
267 1093 306 1140 ex
320 1078 424 1141 Adam
440 1073 598 1156 quondam
613 1075 711 1140 costis
827 1075 857 1137 9.
874 1075 990 1142 Matris
1005 1073 1100 1140 huius
1113 1091 1171 1139 nos
1185 1075 1315 1138 renatos

203 1160 304 1226 Evam
319 1159 511 1225 febrientem
527 1156 629 1223 nostis
875 1159 1089 1226 sacrementis
1102 1157 1163 1224 tibi
1177 1161 1297 1240 gratos,

204 1243 334 1326 Soporis
348 1245 381 1308 in
396 1243 522 1324 requie:
875 1241 1263 1324 Fecpnterclementiee:

204 1329 287 1393 Dum
303 1346 341 1393 ex
356 1326 452 1410 lignis
468 1343 575 1392 arcem
591 1323 695 1404 scidit,
875 1326 1085 1393 Necutolim
1098 1329 1293 1390 mercatores

203 1407 657 1492 HuiusNoetuncpreevidit
877 1409 945 1478 Nos
959 1409 1111 1476 excludes
1126 1413 1309 1490 peccatores

204 1495 355 1576 Figuram
371 1494 533 1560 ecclesiae.
877 1493 1013 1561 Foribns
1030 1492 1192 1558 ecclesiae.

158 1583 187 1644 3.
206 1577 307 1654 Quem
324 1596 362 1642 ex
376 1577 472 1660 lignis
487 1580 617 1642 sanctae
632 1573 735 1640 crucis
812 1575 859 1640 10.
875 1577 989 1656 Huius,
1004 1595 1023 1642 o
1038 1593 1190 1658 compago
1205 1573 1292 1652 loris,

207 1662 390 1728 Febricevit
404 1665 516 1727 auctor
530 1660 610 1726 lucis
879 1662 1018 1741 Christe,
1032 1661 1115 1743 lapis
1128 1657 1301 1742 angularis,

209 1745 580 1812 Adsolutemomnium:
878 1743 1279 1812 Fecnossichicvivere:

208 1829 270 1895 Per
284 1831 366 1894 hcnc
380 1847 490 1893 omnes
505 1826 626 1893 creduli
879 1827 926 1895 Ut
939 1831 1099 1913 possimus
1113 1828 1147 1892 in
1161 1825 1265 1893 illcte

208 1912 559 1995 Supernatontsaeculi
880 1915 955 1981 Sine
968 1913 1031 1978 fine
1045 1912 1175 1978 civitate

209 1997 332 2064 Flebile
348 1995 511 2061 diluvium.
881 1994 1230 2080 Supernaconspicere,

160 2083 191 2147 4.
210 2081 290 2148 Auri
305 2079 391 2146 nitor
405 2085 439 2144 et
451 2095 648 2160 gemmarum
813 2075 862 2143 ll.
880 2077 1258 2160 lnquononinsidiotur

210 2165 298 2246 Opus
314 2162 430 2228 nichae
444 2159 520 2228 iecit
535 2162 665 2240 clarum,
879 2160 1365 2244 Frausneciracomminatur,

210 2247 312 2328 Quem
328 2247 457 2328 Moyses
473 2245 587 2312 edidit:
879 2247 947 2314 Nec
962 2247 1055 2313 dolus
1070 2245 1242 2314 iniurietur

211 2332 248 2398 In
263 2350 327 2414 qua
340 2330 420 2411 legis
434 2329 588 2409 tabulam,
881 2327 1252 2413 Cuiquamvelinvidin:

212 2413 343 2494 Urnnm,
360 2411 658 2494 mannevirgulem
881 2414 946 2482 Sed
960 2413 1144 2496 frequenter
1158 2409 1368 2488 sollemnizct,

211 2497 596 2566 Florentemrecondidit.
882 2498 1086 2574 Iocundetun
1102 2495 1333 2578 symphonizat,

164 2577 192 2650 5.
212 2582 352 2650 Geminis
368 2583 413 2646 sic
426 2582 581 2648 virtutum
596 2581 711 2646 crescit
883 2585 929 2649 Ac
942 2583 1003 2648 tibi
1016 2581 1129 2648 leudes
1143 2577 1307 2662 hymnizat

211 2665 375 2747 Templum
400 2669 544 2730 nostrum
566 2681 604 2729 ec
623 2659 768 2746 splende·
883 2665 966 2732 Toto
980 2663 1172 2732 coelicuria.

256 2751 317 2814 scit
817 2740 864 2812 12.
884 2750 923 2817 ln
938 2767 1001 2831 que
1016 2749 1132 2816 chorus
1148 2745 1388 2829 prophetarum,

213 2835 299 2900 Auro
315 2832 507 2912 sapientiae:
884 2831 1280 2916 Gonciopetrierchcrum

214 2917 251 2982 In
266 2934 329 2997 quo
344 2916 447 2997 legem
464 2913 579 2980 summi
593 2913 690 2996 regis,
884 2917 921 2983 In
937 2923 1027 2982 tuum
1042 2915 1166 2982 vultum
1181 2913 1380 2996 praeclarum

215 2998 337 3065 Urnom
353 2999 426 3079 vini,
441 2999 543 3080 penis,
558 2996 649 3079 legis,
885 3001 1005 3066 Mentis
1019 2998 1123 3082 figunt
1138 2999 1254 3064 eciem:

214 3083 341 3150 Florem
356 3081 466 3164 virgae
479 3079 609 3146 Mariae.
886 3085 1096 3150 Hauriuntte
1113 3079 1259 3162 sitiendo,

167 3159 196 3234 6.
215 3167 353 3234 Archnm
368 3171 570 3248 peccatorum
584 3165 717 3230 mundet
886 3169 1050 3235 Fruuntur
1064 3166 1245 3238 esuriendo,

217 3247 463 3330 Cruortlhiisti
484 3249 731 3332 sanguisundot
887 3251 1028 3318 cernunt
1042 3269 1105 3315 non
1120 3245 1312 3315 fastidiendo

217 3335 286 3402 Hoc
301 3333 452 3417 templum
468 3333 625 3415 quotidie:
886 3335 986 3402 Tuam
1001 3351 1127 3416 semper
1140 3331 1266 3398 faciem.

218 3418 279 3484 Per
294 3419 353 3484 hoc
367 3415 489 3484 coelum
503 3417 589 3498 quod
603 3417 741 3484 intretur
821 3415 869 3482 13.
887 3421 939 3486 lbi
954 3436 1068 3504 perpes
1083 3418 1139 3484 lux
1153 3415 1277 3492 diescit,

218 3501 660 3584 Exuliacobcontempletur
888 3497 1445 3586 Necqmsmoeretneclangueselt

219 3586 332 3654 Scalae
348 3586 407 3651 sub
423 3585 535 3666 effigie.
888 3587 955 3653 Nec
969 3593 1119 3666 terretur,
1135 3601 1193 3649 nec
1209 3583 1356 3662 senescit,

171 3665 200 3734 7.
219 3671 308 3737 Haec
321 3671 443 3751 regins,
459 3668 563 3734 David
577 3673 660 3735 teste
891 3669 954 3738 Sed
968 3687 1101 3753 prorsus
1116 3667 1261 3750 eclypsin
1276 3667 1377 3733 nescit

220 3756 351 3833 Aurata,
369 3753 470 3835 polite
485 3755 576 3818 veste
889 3753 991 3820 intui
1006 3754 1207 3840 praesentis:

219 3837 279 3904 Dei
295 3843 361 3902 stet
374 3837 416 3902 ad
431 3835 609 3902 dexteram:
890 3837 955 3904 Ubi
970 3839 1089 3918 gaudet
1107 3853 1178 3902 cum
1194 3833 1299 3900 Maria

220 3921 309 3987 Heec
324 3921 441 3988 Chiisti
457 3926 642 4002 stupescens
658 3920 750 3988 bonis
890 3921 1079 3988 Sanctorum
1093 3920 1253 3986 consortio

221 4005 305 4082 Iesu,
319 4006 387 4070 veri
402 4004 590 4084 Salomonis,
891 4008 997 4086 Atpue
1012 4004 1130 4088 triplex
1143 4000 1324 4068 hierarchis

217 4089 354 4172 Sophiae
365 4089 421 4154 det
435 4105 575 4171 operam.
893 4085 1280 4156 Goremsuemonerchic

892 4172 954 4238 Per
968 4177 1102 4240 aeterne
1117 4171 1232 4254 spatio.

224 4297 249 4336 e.
268 4279 362 4335 Text.
397 4279 488 4337 Morel
505 4281 558 4337 No.
577 4282 620 4336 95.
638 4279 666 4335 8.
685 4283 722 4334 58
745 4295 811 4336 oue:
835 4280 888 4336 Hs.
913 4298 951 4336 to
967 4281 1009 4336 st.
1029 4280 1129 4336 Goltco
1146 4280 1199 4336 No.
1217 4281 1271 4336 546
1295 4277 1452 4349 (munder),

153 4351 201 4406 Bl.
220 4355 281 4406 133.
318 4351 468 4419 „Dicselde
485 4351 535 4406 leot
553 4353 644 4423 οἰκίαι
662 4349 805 4422 offendere
824 4349 934 4421 Potior,
954 4369 979 4408 ι.
997 4351 1035 4407 Β.
1061 4357 1087 4422 8,
1106 4356 1131 4407 4.
1152 4352 1282 4421 qnoniam
1299 4350 1406 4408 creduli
1424 4349 1451 4405 8.

153 4423 235 4480 istius
253 4423 346 4480 seculi.
382 4425 408 4493 8,
426 4426 452 4478 2.
470 4422 576 4492 plebe.“

225 4512 251 4566 b.
269 4509 423 4567 Bemcrlc.
462 4510 550 4567 Ucdcr
568 4511 621 4567 dos
638 4507 839 4583 Rhytlcmc’sclcc
856 4515 906 4568 ctc.
925 4511 1034 4584 spriclot
1051 4511 1171 4572 Bartsch
1187 4511 1216 4568 8.
1234 4512 1372 4568 178181.
1389 4509 1452 4564 loo.
