3266 5222
698 319 927 383 -208-

168 499 199 566 4.
225 499 312 570 Coeli
326 503 486 586 qnondam
501 509 690 573 roraverunt

222 587 343 668 Nubes,
359 608 398 654 ex
413 607 476 672 quo
491 595 718 658 concreverunt

223 672 440 756 Concrcteque
454 674 655 740 stillaverunt

225 756 366 838 Virginis
380 757 412 822 in
429 761 537 824 utero:

222 841 286 906 Res
301 841 455 920 miranda,
471 861 523 908 res
539 844 673 918 novella,

222 925 304 989 Nam
318 925 463 1006 procedit
477 926 526 992 sol
541 927 581 992 dc
599 927 694 993 stella

222 1009 343 1090 Regem
358 1010 432 1075 dum
448 1010 533 1092 parit
547 1010 654 1093 puella

222 1093 291 1158 Viri
307 1093 392 1160 thori
407 1093 540 1161 nescia·

841 509 870 570 5.
896 501 983 587 Ergo
997 505 1135 574 clemens
1150 509 1184 573 51
1198 505 1337 588 benigna

896 588 1152 674 Cunctorumque
1167 591 1263 658 laude
1278 591 1376 672 digna

896 672 965 738 Tuo
980 681 1055 742 nato
1069 694 1128 741 nos
1142 676 1295 758 consigna

895 757 953 824 Pia
966 777 1023 840 per
1037 759 1206 841 suffragio:

895 839 942 906 Ut
955 843 1075 908 carnali
1090 863 1153 926 quo
1168 861 1339 925 gravamur

895 924 1063 1010 Compedc,
1080 929 1126 994 sio
1140 927 1355 1007 absolvamur,

896 1008 942 1076 Ut
956 1011 1053 1077 saluti
1068 1011 1300 1079 transferamur

782 1134 785 1142 .
895 1095 946 1162 Ad
960 1097 1038 1162 coeli
1053 1095 1181 1178 palatia.

238 1217 263 1257 a.
283 1201 376 1258 Text.
412 1203 497 1260 Mona
515 1203 567 1260 No.
587 1207 639 1260 385
670 1205 708 1274 (2,
727 1205 780 1275 78.)
807 1221 874 1259 arca:
901 1203 954 1258 Hs.
973 1221 1011 1258 aa
1031 1203 1177 1273 Mttncbcrr,
1205 1205 1279 1272 cgm.
1299 1206 1359 1258 716.
1385 1203 1403 1258 i.
1424 1207 1467 1258 60.

165 1275 289 1328 5111555
307 1273 471 1342 11515115.
491 1273 591 1332 Jahrb.
611 1276 666 1340 (At.
703 1275 756 1330 Hs.
775 1293 813 1332 aar
830 1275 971 1344 Stottport
990 1275 1061 1331 Bibl.
1081 1281 1123 1331 20.
1143 1275 1161 1330 1.
1181 1279 1206 1330 4.
1228 1277 1280 1330 5111
1304 1277 1354 1330 der
1378 1273 1469 1328 Melo·

166 1344 400 1412 5151115151.
420 1347 472 1417 (B).
483 1347 626 1402 -Daniai
644 1345 681 1411 11,
699 1349 760 1402 235.
779 1363 794 1402 5
814 1348 891 1403 Miss.
911 1348 1070 1402 Pataviensi
1091 1349 1155 1402 1491
1177 1345 1227 1414 (01.
1239 1377 1273 1387 -
1285 1347 1366 1402 Mias.
1385 1347 1466 1402 fratr.

166 1416 255 1472 Paris.
276 1419 346 1471 1520
364 1418 419 1486 (1)).
447 1447 481 1458 -
509 1419 588 1473 Stebt
606 1419 965 1489 51551505511353515.
985 1418 1042 1490 ⁴125.
1066 1433 1138 1474 saco.
1157 1418 1230 1474 XIV.
1266 1417 1404 1474 Rhcinan.
1426 1421 1466 1471 14.

166 1487 284 1541 Einsidi.
304 1491 364 1542 765.
384 1504 455 1544 saec.
474 1490 534 1546 XV.
572 1489 689 1546 8.(1511.
709 1493 762 1545 546
782 1489 936 1561 (Brandcr).

236 1575 262 1629 b.
282 1575 466 1630 Lcaorten.
506 1581 529 1648 1,
548 1581 572 1631 4.
592 1577 710 1650 Martpr.
729 1579 801 1634 Dan.
821 1578 976 1647 (Dructfi).
1005 1608 1040 1618 —
1068 1582 1091 1646 1,
1111 1581 1136 1633 7.
1156 1579 1187 1646 Q.
1206 1579 1338 1648 produxit
1355 1575 1413 1632 BD.
1433 1605 1468 1616 —

167 1649 180 1698 1
210 1649 235 1701 8.
254 1646 287 1700 D.
307 1647 401 1715 pluvia
418 1648 452 1702 Α.
471 1648 563 1704 Mona.
583 1679 617 1690 -
636 1655 661 1716 2,
680 1654 705 1706 6.
724 1649 858 1706 Fructum
878 1665 912 1704 ax
931 1666 985 1717 quo
1003 1649 1034 1703 B.
1053 1651 1124 1705 Dan.
1153 1681 1187 1690 -
1209 1655 1237 1718 s,
1256 1653 1281 1704 2.
1308 1651 1375 1706 Ista
1395 1648 1466 1702 Dan.

166 1687 323 1787 (11555111).
343 1748 377 1759 -
395 1721 421 1787 5,
441 1724 465 1775 3.
484 1719 617 1792 irrigavit.
637 1723 708 1778 Dan.
728 1752 761 1761 —
780 1726 806 1790 4,
826 1725 851 1776 2.
870 1721 914 1777 Ex
933 1737 987 1790 quo
1005 1721 1093 1776 nubas
1111 1722 1145 1776 D.
1165 1752 1199 1764 -
1218 1726 1244 1788 4,
1256 1727 1280 1778 3.
1300 1723 1467 1778 Concretas-

167 1803 220 1854 oue
239 1789 270 1843 Β.
289 1790 381 1846 Mona.
409 1820 443 1832 -
470 1795 496 1862 4,
516 1795 539 1846 4.
560 1799 669 1848 uterum
687 1793 794 1848 Mariae
813 1794 844 1848 B.
864 1799 943 1848 utero
962 1793 1070 1848 Mariae
1088 1792 1121 1848 D.
1150 1812 1173 1848 v.
1192 1793 1221 1848 in
1239 1794 1350 1850 situlam
1372 1789 1466 1845 Mune.

167 1857 226 1914 Die
243 1859 297 1915 Hs.
317 1862 476 1932 Aploaeirt
494 1863 606 1919 situlam
624 1865 728 1936 ricbta’p
747 1865 836 1919 durch
853 1871 970 1919 uterum.
988 1865 1027 1918 M.
1058 1893 1090 1904 -
1117 1866 1142 1932 4,
1162 1869 1186 1918 6.
1210 1865 1346 1934 processit
1363 1863 1395 1917 B.
1432 1889 1466 1902 -

167 1934 193 1995 4,
214 1934 239 1984 7.
259 1932 323 1987 rium
342 1949 401 2002 par.
420 1935 454 1989 A.
474 1963 508 1976 -·
527 1939 552 2005 4,
570 1939 595 1992 8.
616 1939 712 1994 nescia
729 1937 820 1995 Maria
839 1935 897 1992 BD.
917 1966 951 1977 -
970 1939 995 2005 5,
1006 1939 1030 1991 5.
1050 1934 1089 1990 Ut
1106 1937 1217 1992 mortali
1236 1937 1306 1992 Dan.
1325 1935 1362 1991 Et
1370 1933 1468 1990 5515511

165 2001 198 2057 D.
217 2033 252 2044 -
272 2021 327 2073 qua
345 2005 378 2061 A.

598 2175 670 2237 271.
713 2169 765 2238 De
785 2178 896 2239 concta
919 2171 1041 2237 Morio.

169 2309 196 2368 1.
223 2303 411 2383 imperatrix
426 2307 623 2389 angelorum,

223 2387 425 2456 Consolatrir
439 2391 665 2472 orphanorum,

222 2471 305 2536 Audi
322 2491 390 2552 nos,
405 2492 425 2540 o
440 2475 561 2542 Marini

222 2555 302 2639 Spes
318 2561 350 2623 ct
364 2559 452 2626 salus
467 2559 673 2640 infirmorum,

222 2641 426 2708 Sublevatrix
441 2663 677 2726 oppressorum,

222 2725 305 2792 Audi
322 2746 390 2807 nos,
406 2748 424 2793 o
439 2728 552 2794 Maria.

168 2812 196 2871 2.
223 2807 293 2875 Tibi
310 2809 399 2893 virgo
414 2813 632 2889 decantantes,

223 2892 308 2960 Tuas
323 2895 435 2962 laudes
450 2901 676 2977 concrepantes

225 2977 307 3042 nudi
322 2996 391 3055 nos,
407 2999 426 3044 o
441 2979 563 3045 Marini

896 2309 932 2373 in
949 2307 1076 2373 sublimi
1090 2305 1180 2372 sedes
1195 2304 1321 2383 throno,

898 2391 1087 2474 Propulsata
1100 2408 1226 2473 procum
1241 2408 1319 2456 sono

899 2477 982 2544 Audi
997 2492 1065 2554 nos,
1082 2493 1100 2539 o
1115 2473 1235 2540 Marini

841 2564 870 2628 3.
898 2560 987 2638 Quae
1001 2565 1038 2626 ut
1053 2564 1156 2623 mater
1171 2557 1333 2622 veneraris

897 2643 1088 2722 Obtinendo,
1104 2641 1189 2722 quod
1204 2640 1356 2723 precaris,

896 2727 979 2794 Audi
995 2746 1061 2805 nos,
1078 2745 1097 2791 o
1112 2725 1231 2792 Maria!

895 2811 1079 2876 Praeolecta
1094 2811 1162 2876 sola
1176 2810 1234 2876 soli

897 2895 965 2961 Nos
979 2894 1165 2961 commenda
1179 2898 1254 2959 tuae
1269 2893 1361 2974 proli,

897 2979 981 3044 Audi
994 2998 1062 3057 nos,
1076 2999 1095 3044 o
1109 2977 1228 3044 Marini

240 3083 333 3142 Text.
371 3089 453 3144 bione
472 3089 524 3144 No.
543 3091 595 3144 585
619 3089 655 3157 (2,
675 3091 746 3160 399.)
774 3103 840 3142 asca:
867 3087 920 3142 Hs.
949 3105 985 3142 55
1013 3085 1104 3141 Orate
1128 3085 1198 3158 ⁴⁹!51·
1228 3089 1269 3140 13.
1287 3085 1388 3140 Jahrb.
1416 3083 1468 3139 mit

168 3154 302 3212 Ncumcn.
323 3189 354 3199 -
375 3159 453 3216 ssent
472 3161 602 3216 5551115
621 3160 686 3218 Cod.
707 3162 733 3216 S.
753 3159 895 3216 (1511546
915 3159 1072 3230 (Brander).

501 3394 571 3455 272.
615 3389 784 3474 &quanio
804 3389 843 3454 dc
863 3389 992 3453 domina
1012 3391 1132 3451 nostro.

172 3523 198 3582 l.
224 3517 294 3582 Tibi
309 3519 413 3586 cordis
429 3521 460 3585 in
475 3522 569 3586 altari
644 3527 650 3536 '

225 3603 323 3667 Decet
338 3622 447 3684 preces
462 3605 628 3686 immolari,

224 3687 323 3768 Virgo
339 3688 570 3752 sacratissima:

223 3769 305 3834 Nam
321 3789 391 3835 cnm
406 3772 438 3836 in
455 3788 490 3850 so
504 3771 545 3836 sit
561 3772 677 3854 inepta,

225 3851 292 3917 Tuo
307 3861 383 3919 nato
397 3854 434 3919 fit
448 3861 579 3936 accepta

224 3935 285 4000 Per
301 3942 332 4001 te
348 3956 474 4018 precum
490 3937 627 4002 victima.

170 4021 197 4079 2.
224 4019 285 4084 Por
299 4024 331 4086 te
345 4021 445 4088 Dcnm
462 4020 531 4087 adit
545 4040 628 4102 reus,

225 4103 273 4167 riri
288 4121 380 4184 quem
395 4124 452 4186 per
466 4109 499 4170 te
515 4107 602 4172 venit
615 4105 712 4188 Dens,

224 4185 273 4251 Tu
287 4190 453 4254 amborum
468 4189 590 4254 media:

224 4269 287 4336 Pro
303 4273 439 4353 peccatis
453 4273 617 4338 immolato

225 4355 431 4420 Peccatorum
450 4363 653 4437 praesentato

226 4439 359 4504 Precum
374 4439 537 4504 sacrificia.

170 4523 200 4583 3.
226 4523 292 4588 Nec
308 4523 445 4589 abhorre
461 4529 654 4612 peccatores,

225 4608 301 4673 Sine
315 4608 431 4688 quibus
446 4626 607 4690 nunquam
623 4607 706 4675 iores

225 4689 327 4758 Tanto
342 4691 439 4776 digna
453 4691 532 4758 filio:

896 3519 931 3586 Si
946 3539 1007 3586 non
1023 3525 1128 3586 essent
1142 3519 1326 3598 redimendi,

896 3605 1065 3686 Nunquam
1081 3605 1138 3670 tibi
1154 3603 1300 3684 pariendi

897 3689 1140 3771 Redemptorem
1157 3688 1250 3754 ratio.

841 3775 870 3835 4.
896 3772 959 3837 Pro
974 3773 1024 3838 his
1039 3773 1123 3838 iacta
1138 3771 1311 3852 singularis
1335 3805 1342 3820 ·

896 3856 1000 3938 Super
1015 3865 1129 3921 cuncta
1144 3854 1332 3938 principaris

897 3939 964 4007 Snb
979 3958 1129 4021 supremo
1144 3939 1302 4020 principe:

897 4024 983 4105 Ergo
997 4023 1088 4104 virgo
1103 4023 1148 4088 sio
1163 4027 1309 4104 promota

897 4107 1002 4172 Causa
1016 4107 1116 4174 nostri
1133 4109 1244 4172 nostra
1258 4110 1333 4172 vota

896 4191 1114 4256 Promovenda
1132 4189 1268 4272 suscipe.

841 4273 870 4334 5·
896 4275 988 4352 Quod
1004 4275 1032 4340 si
1046 4293 1117 4340 roos
1132 4279 1244 4340 sancta
1259 4272 1394 4354 spernis,

898 4357 943 4424 Ut
958 4360 1033 4440 quid
1048 4359 1091 4424 sis
1106 4358 1250 4442 praelata
1268 4355 1367 4423 bernis

895 4443 1101 4522 HierarchiiS,
1116 4443 1254 4524 respice:

896 4525 944 4590 Tu
959 4545 1085 4593 reorum
1103 4523 1269 4606 advocata,

896 4610 958 4675 Per
972 4615 1005 4675 te
1020 4611 1063 4675 sit
1077 4609 1221 4692 ipsorum
1235 4615 1329 4690 gratu

896 4691 1001 4760 Causa
1015 4711 1121 4760 coram
1134 4691 1248 4759 iudice.
