3210 5230
699 369 738 383 -
783 335 930 398 594-

494 523 566 586 886.
609 520 662 587 De
682 526 790 587 sancto
814 520 947 604 Cyrituca
968 519 1143 604 Sequentia.

331 635 499 706 (Gestorden
519 638 562 694 als
582 639 732 711 Mortprcr
749 641 788 694 im
807 639 881 695 Jatr
899 643 961 708 303,
979 637 1089 694 eer'elrrt
1107 655 1154 694 aar
1171 641 1197 692 8.
1217 637 1303 706 nup.)

170 764 197 823 l.
225 761 344 828 Christi
360 763 452 827 miles
467 763 606 848 inclytus
840 767 868 830 5.
895 762 1018 844 Martyr
1033 763 1138 827 clarus
1153 777 1211 826 nec
1225 761 1357 840 ignarus

158 876 162 886 ·
224 847 367 912 (liniacus
382 847 548 928 praeditus
895 846 977 923 Quid
994 847 1131 924 labatur,
1147 843 1222 926 quid
1238 849 1392 925 sequatur

225 929 314 996 Fidei
330 931 527 996 constantia:
896 929 1289 1014 Scanditadperhenuia:

226 1018 314 1094 Rege
330 1013 432 1080 fretus
448 1017 577 1097 praevio
895 1016 978 1080 Ecce
993 1015 1085 1095 pellis
1099 1013 1261 1079 rubricata

223 1098 321 1164 Felici
335 1098 520 1164 commertio
897 1099 1076 1164 Architecto
1092 1099 1172 1163 coeli
1188 1103 1281 1178 grata

225 1185 403 1266 capescens
419 1183 557 1250 celestia.
896 1183 1072 1262 Protogene
1090 1183 1237 1248 tentoria.

169 1269 198 1330 2.
225 1268 335 1334 Mundi
352 1269 460 1333 clauso
475 1267 581 1332 stadio
842 1267 870 1328 6.
897 1269 1019 1333 Graves
1035 1267 1116 1332 ictus
1130 1265 1209 1331 foris
1224 1281 1320 1348 possa

225 1352 358 1418 Obtinet
373 1371 443 1416 cum
458 1351 570 1417 bravio
896 1351 979 1416 Solis
995 1358 1087 1416 aestu
1103 1350 1181 1416 satis
1197 1367 1270 1414 assa

225 1435 388 1501 Virtutum
404 1435 577 1516 stipendia:
897 1437 981 1500 Dum
998 1433 1141 1500 defendit
1155 1433 1238 1498 lilia:

225 1519 342 1585 Pandit
356 1519 432 1585 Sion
448 1520 603 1602 gremium
897 1521 965 1585 Aue
980 1536 1054 1584 rosa
1069 1517 1246 1583 rubicunda

225 1605 269 1668 Et
283 1605 426 1686 agnoscit
440 1603 541 1668 filium
898 1603 1000 1682 Quam
1015 1601 1137 1666 cruoris
1153 1601 1286 1666 mundat
1301 1599 1387 1664 unda

225 1687 329 1754 Multa
344 1688 428 1753 inter
443 1687 541 1752 milia.
898 1687 998 1752 Stella
1013 1685 1137 1751 decoris
1155 1683 1268 1749 rutilat

170 1775 199 1834 3.
224 1773 286 1838 Hic
301 1775 403 1836 mater
418 1771 589 1835 viventium
898 1773 1001 1837 Caeca
1015 1769 1195 1852 propellens
1210 1767 1329 1833 nubila.

225 1858 355 1922 Florum
370 1873 433 1920 non
447 1857 655 1921 marcentium
844 1853 870 1912 7·
899 1857 936 1921 lu
951 1855 1081 1934 superni
1096 1854 1181 1934 regis
1197 1871 1254 1918 ara

225 1941 306 2006 Late
321 1941 424 2023 pingit
438 1941 538 2005 atria:
898 1939 1031 2021 Myrrha
1047 1936 1386 2018 flograussedamara

226 2025 288 2090 llic
302 2032 351 2090 est
366 2041 459 2105 quam
474 2023 668 2090 concinimus
899 2023 993 2088 Necis
1009 2021 1221 2088 amaritudine

228 2109 322 2175 Miles
338 2108 547 2172 electissimus
896 2106 982 2174 Fuso
997 2123 1153 2188 vaporans
1169 2103 1333 2184 sauguine.

228 2192 328 2269 Quem
344 2211 399 2257 rex
414 2189 642 2257 invictissimus
843 2185 871 2244 8-
899 2191 993 2255 Salve
1011 2196 1133 2271 martyr
1148 2187 1269 2253 Ciriacc

228 2275 401 2342 coronavit
415 2275 527 2354 gloria.
900 2273 1011 2339 Victor
1026 2293 1101 2338 vera
1116 2291 1252 2337 vernans
1267 2287 1344 2353 pace

172 2357 202 2416 4·
228 2351 255 2423 O
272 2377 365 2440 quam
381 2377 488 2438 regem
502 2358 634 2422 divitem
900 2359 983 2423 Vere
999 2358 1087 2423 dives
1102 2356 1152 2422 lae
1167 2375 1224 2422 uos
1239 2357 1324 2421 cives

228 2443 330 2518 Quam
348 2443 507 2506 valentem
523 2441 655 2506 militem
899 2443 936 2506 ln
951 2441 1091 2506 manenti
1107 2441 1226 2524 patria:

228 2525 330 2602 Quam
345 2527 544 2607 praeclarum
559 2527 704 2591 coelitem
899 2525 1061 2591 Sociorum
1077 2525 1243 2590 beatorum

227 2611 316 2674 Felix
330 2608 409 2674 haec
423 2609 555 2674 militia:
899 2610 993 2690 largn
1009 2627 1138 2675 consors
1153 2614 1185 2674 ct
1200 2607 1362 2688 smaragdi

229 2694 327 2758 Cuius
341 2693 413 2758 finis
427 2699 477 2759 est
491 2693 620 2758 acclivis
899 2693 966 2758 Nos
982 2693 1288 2758 ernuditunelaudi

228 2779 333 2844 Verae
347 2779 433 2843 vitae
448 2786 618 2860 postquam
634 2777 695 2842 rite
900 2777 1121 2842 Persolventes
1137 2777 1254 2841 munia.

228 2861 354 2928 Cadunt
369 2863 565 2928 transitoria.
900 2859 970 2926 Tibi
986 2861 1081 2926 chare
1097 2860 1208 2941 glorie.

576 3117 649 3178 887.
692 3111 745 3178 Dc
766 3119 874 3178 sancto
897 3113 1071 3196 Bonifatio

388 3209 543 3278 ecclesiae
557 3218 687 3278 nostrae
701 3217 836 3294 patrono
851 3213 968 3280 dicitur
982 3215 1059 3279 hacc
1073 3213 1256 3294 Sequentia.

169 3327 309 3394 (Geboren
328 3343 374 3379 nne
393 3329 446 3380 680
464 3343 501 3380 en
519 3326 627 3382 Kirton
644 3329 676 3381 in
694 3329 837 3399 Enpland,
857 3329 975 3399 Aposlel
992 3347 1047 3385 uon
1065 3328 1270 3393 Deutuclrland,
1296 3325 1393 3380 warde
1420 3328 1470 3377 751

170 3397 344 3466 Eredtsclros
358 3399 390 3452 in
407 3396 508 3452 Maiae
527 3401 587 3453 und
605 3401 682 3456 erlitt
701 3418 747 3456 arn
765 3406 790 3457 5.
809 3401 880 3457 Jant'
899 3407 950 3456 755
970 3419 1015 3457 aar
1034 3399 1137 3456 Flesse
1155 3399 1259 3454 Barda
1282 3397 1325 3452 bei
1343 3395 1471 3450 Durcum

355 3469 444 3523 duret
463 3470 508 3524 dic
528 3467 647 3525 Faceta
666 3472 719 3526 den
737 3472 941 3546 Martyrertod‚
960 3473 1068 3528 enodet
1087 3489 1131 3526 aur
1150 3476 1176 3526 5.
1194 3469 1287 3538 dreni.)

177 3570 204 3629 l.
231 3563 373 3629 Bonifaci
390 3571 427 3629 tu
441 3569 575 3647 patrona
901 3568 995 3634 Solve
1010 3587 1082 3634 reos
1098 3587 1117 3632 a
1132 3567 1271 3649 pcccatis

229 3649 345 3714 Noster
359 3667 454 3728 prece
469 3649 574 3714 Iesum
590 3669 692 3730 mone,
902 3654 944 3719 Et
959 3653 1083 3718 solutos
1097 3669 1193 3732 ¹perge
1207 3649 1319 3731 gratis,

229 3730 275 3795 Ut
290 3731 341 3795 hic
354 3733 447 3798 uobis
462 3735 495 3797 in
510 3752 612 3814 agone
900 3737 970 3814 Qua
985 3735 1056 3802 fons
1071 3751 1213 3800 summae
1228 3732 1383 3798 bonitatis

229 3816 292 3880 Det
306 3816 429 3897 peccati
444 3818 586 3882 veniam:
900 3821 959 3885 Est
973 3827 1007 3886 et
1022 3819 1102 3884 coeli
1117 3817 1254 3883 domina.

227 3900 308 3964 llinc
323 3899 443 3981 perduc
458 3901 499 3965 ad
514 3899 634 3964 fontem
649 3901 734 3968 vitae
845 3908 874 3968 3.
904 3905 985 3968 dudi
1001 3909 1143 3968 nostram
1159 3903 1338 3968 contionem

225 3983 429 4048 Venerantur
444 4001 552 4048 omnes
568 3984 622 4064 qm
638 3989 670 4049 tc
901 3988 943 4051 llt
958 3985 999 4051 da
1013 3985 1270 4064 consolationem,

225 4066 292 4132 Lue
306 4067 408 4132 scelus
425 4073 458 4132 ct
472 4067 533 4146 dic,
549 4068 593 4132 ite
906 4069 948 4134 Ut
962 4089 1021 4154 per
1035 4070 1117 4136 hanc
1132 4069 1335 4136 collationem

227 4150 349 4215 Metam
365 4169 421 4215 vos
437 4151 477 4215 ad
493 4152 639 4234 patriam.
900 4155 974 4220 llcis
989 4156 1084 4219 detur
1099 4157 1204 4220 venia:

172 4237 200 4297 2.
229 4235 319 4298 Alme
334 4241 425 4316 pater
439 4233 580 4302 Bonifati
900 4239 1014 4304 Pastor
1028 4239 1109 4304 boue
1125 4244 1247 4320 rnartyr
1262 4235 1380 4301 Christi

226 4317 292 4382 Fac
307 4324 344 4382 ut
358 4337 415 4399 per
428 4325 460 4384 te
475 4320 574 4384 simus
589 4319 671 4399 grati
900 4321 945 4386 Te
964 4329 1131 4405 patronum
1147 4321 1255 4387 colunt
1269 4319 1334 4398 isti,

230 4401 298 4465 Dec
315 4401 409 4467 simul
425 4411 457 4467 et
473 4403 559 4468 beati
902 4404 948 4470 Ut
960 4425 1040 4488 quos
1055 4413 1159 4472 morte
1175 4403 1320 4470 meruisti

226 4487 296 4552 Tua
310 4505 367 4568 per
381 4485 577 4568 precamina:
904 4489 1273 4573 Tecumsiutiugloria.
1303 4489 1412 4553 Amen.

722 4662 920 4670 ---———-—-a-
