3186 5254
639 273 868 339 -tot-

123 461 158 522 5.
184 451 359 520 Stemmate
375 449 460 516 claro
475 456 572 532 ortus,
588 451 644 518 sed
659 451 834 532 incredulo,

186 537 247 616 Qui
262 555 342 618 puer
356 535 461 602 adhuc
475 542 566 601 tener
581 537 702 604 eunctis
717 536 826 604 mundi
841 534 964 602 deliciis

184 621 247 688 Pro
262 623 384 686 Csristo
399 619 644 702 abrenuntiavit,
660 639 757 704 seque
772 620 817 686 llll
833 619 958 686 obtulit.

184 705 246 772 Hic
261 713 379 786 septem
396 722 549 770 annorum
566 723 636 770 cum
652 713 748 782 esset
765 703 924 770 Christum
940 701 1102 770 constanti
1116 707 1246 786 pectore

185 789 320 855 Fatetur
334 807 391 872 pro
407 787 514 854 mundi
530 790 629 854 totius
642 788 839 855 redemtione
849 789 1007 937 (positum.

105 878 159 944 10.
186 873 310 952 Quibus
326 879 419 954 pater
434 873 553 938 auditis
568 873 723 955 ingemuit
736 882 834 954 atque
871 873 1022 939 issuadet.

185 955 278 1036 Quod
294 973 365 1022 oum
381 957 488 1024 verbis
502 975 565 1024 nou
580 963 701 1040 posset,
716 965 850 1023 conatur
864 957 923 1023 hoe
937 955 1136 1023 verberibus.

185 1041 352 1109 adductus
366 1040 546 1118 Valeriano,
562 1041 666 1123 inquit
679 1047 845 1125 promptus
859 1047 971 1108 sancto
984 1041 1102 1106 mutari
1117 1039 1159 1105 ad
1173 1039 1348 1122 proposito.

184 1127 320 1202 Iubetur
334 1125 422 1192 caedi
438 1123 581 1206 flagellis,
597 1125 653 1192 sed
668 1125 868 1192 caedentium
884 1127 1031 1208 protinus
1046 1121 1182 1190 arefiunt
1197 1124 1336 1190 brachia.

185 1209 321 1276 Praenes
334 1209 429 1274 etiarn
441 1209 612 1289 languente
624 1227 719 1276 manu
730 1216 801 1275 orat
813 1227 914 1292 opem,
930 1227 1025 1291 quam
1034 1225 1108 1272 mox
1116 1205 1240 1274 confort
1251 1206 1407 1278 omnibus.

107 1295 159 1360 15.
185 1293 275 1360 Patri
291 1293 410 1370 oeulos,
426 1294 531 1374 angeli
546 1293 616 1359 visu
631 1301 825 1372 excaecatos,
841 1301 935 1360 natus
951 1301 1080 1358 sanetus
1094 1291 1245 1359 reddidit.

186 1377 310 1458 Angelo
326 1378 414 1452 duce,
430 1375 556 1442 Christo
571 1378 710 1451 iubente.
725 1379 784 1443 ivit
798 1395 854 1460 per
867 1379 978 1443 maria.

187 1461 271 1528 Hinc
283 1465 452 1526 revocatus
468 1461 654 1528 daemonem
668 1463 755 1544 regis
770 1459 862 1542 fugat
875 1461 950 1527 lilio.

185 1545 223 1612 In
239 1546 374 1612 narreris
389 1548 527 1628 positum
543 1545 691 1612 claustris
705 1545 816 1612 visitat
831 1543 977 1612 Christus
992 1545 1061 1626 ipse
1075 1561 1219 1628 puerum.

186 1630 359 1712 Angelieus
376 1631 497 1710 pariter
512 1629 627 1696 odoros
641 1630 796 1698 concinit:
818 1629 1005 1696 benedictus
1020 1628 1176 1695 dominus.

107 1715 160 1781 20.
186 1713 252 1782 Leo
266 1713 307 1780 ad
323 1713 539 1779 devorandum
552 1713 669 1780 missus
684 1715 804 1780 torruit
817 1713 950 1796 supplex
965 1712 1154 1794 antepedes
1170 1711 1329 1797 martyris.

187 1799 331 1865 Intentus
346 1797 385 1861 de
401 1799 524 1864 camino
539 1801 613 1874 erit,
628 1798 734 1864 resina
748 1797 834 1880 quod
849 1797 1002 1880 fervebat,
1017 1798 1098 1881 pice,
1113 1797 1192 1864 oleo.

186 1881 270 1948 Hinc
284 1899 354 1948 oum
370 1881 515 1948 Modesto
529 1891 626 1965 atque
640 1881 837 1948 Crescentis·

187 1964 313 2033 Glrristo
329 1965 486 2048 spiritum,
503 1983 614 2032 caesus
630 1965 735 2032 ferrea
750 1971 880 2046 catasta
896 1966 1026 2033 beatum
1041 1964 1193 2031 reddidit.

186 2050 199 2118 l
225 2069 293 2116 sum
302 2051 450 2133 precibus
460 2067 626 2117 exoremus
638 2049 751 2128 seduli,
762 2059 800 2118 ut
810 2071 868 2118 nos
880 2050 1006 2117 domino
1019 2067 1090 2116 oum
1102 2049 1197 2116 sociis
1210 2047 1409 2118 commendet

108 2135 160 2200 25.
185 2071 228 2201 fft
244 2135 392 2218 perennis
408 2135 529 2216 gloriae
543 2134 687 2218 requirat
702 2137 794 2204 nobis
810 2136 906 2202 vitam
923 2143 956 2202 et
970 2135 1118 2220 palmam.
1148 2137 1258 2200 Amen.

180 2258 205 2300 a.
224 2242 318 2299 Teat.
354 2242 444 2300 Morel
461 2243 514 2300 No.
534 2245 595 2300 ott.
613 2243 641 2299 S.
652 2247 705 2300 326
724 2261 793 2300 uus:
810 2243 863 2300 Ha.
882 2261 920 2300 aa
937 2243 978 2302 St.
998 2242 1236 2301 64114414οώ46
1255 2241 1411 2314 (Euander),

107 2311 157 2372 Bi.
175 2317 237 2384 3⁶33
255 2317 308 2370 mit
325 2313 447 2371 Melodie
465 2317 520 2386 (A).
540 2345 575 2358 -
593 2315 671 2374 ldiss.
690 2315 775 2373 Basil.
797 2321 866 2372 1510
884 2318 936 2388 (B).

179 2403 206 2458 b.
225 2401 405 2458 Lesarten.
444 2407 467 2458 1.
487 2403 583 2460 Sancti
601 2419 636 2458 ιιι.
655 2403 687 2460 Β.
712 2435 745 2447 -
772 2407 798 2461 3.
817 2405 936 2475 spirital.
955 2405 986 2460 B.
1014 2433 1049 2447 -
1077 2407 1103 2460 6.
1121 2403 1267 2461 lenociniis
1279 2403 1334 2472 ftlr
1356 2401 1410 2459 del.

109 2472 142 2530 B.
160 2501 195 2516 -
213 2475 239 2530 9.
257 2475 391 2541 redempt.
409 2474 441 2530 B.
470 2505 505 2519 -
535 2479 575 2530 12.
595 2475 657 2530 Val.
675 2475 771 2545 nequit
788 2477 900 2546 penitus
918 2485 1015 2532 saneto
1034 2475 1064 2532 Β.
1086 2505 1118 2518 —-
1149 2478 1190 2531 14.
1209 2475 1311 2532 Preces
1330 2484 1360 2530 et
1377 2473 1409 2530 B.

110 2573 145 2588 -·
166 2549 208 2601 15.
227 2545 319 2602 Patris
337 2543 368 2602 B.
391 2573 424 2586 —
445 2548 486 2604 16.
505 2547 528 2603 it
545 2545 718 2603 Trinacrium
737 2548 767 2602 B.
789 2577 817 2587 —
839 2550 883 2602 21.
902 2561 955 2604 res.
976 2563 1047 2617 qnae
1066 2547 1133 2603 ferr.
1151 2547 1183 2603 B.
1199 2577 1234 2590 ·-
1253 2548 1412 2606 22141441

111 2615 203 2674 terrea
220 2617 365 2674 cathastra
383 2616 416 2675 Β.
435 2647 467 2660 -
487 2620 531 2676 24.
550 2619 655 2676 sedulis
674 2619 706 2674 B.
725 2647 760 2662 -
777 2620 822 2676 21.
840 2618 991 2690 perhennis
1010 2659 1017 2676 .
1036 2658 1044 2674 .
1063 2619 1146 2690 palm.
1165 2627 1195 2674 et
1212 2619 1260 2674 rit.
1279 2617 1311 2674 B.
1358 2661 1360 2666 .

661 2757 862 2770 ψ

603 2850 675 2914 742.
716 2841 769 2914 De
793 2865 819 2912 s.
843 2843 920 2914 Vite.

121 2973 147 3034 1.
172 2969 247 3036 Vita
261 2967 397 3051 plaudat
411 2969 514 3036 omols
528 2975 619 3038 aetas
841 2971 920 3038 Plus
934 2969 1033 3052 elegit
1049 2969 1262 3054 contorqueri,

172 3053 215 3120 Et
229 3072 287 3138 pro
302 3053 378 3120 Vito
394 3054 506 3120 laudes
521 3056 623 3123 laetos
842 3055 945 3133 Quam
960 3055 1101 3136 iniquam
1115 3055 1302 3138 persuaderi

174 3137 576 3205 Christosolvantomnia:
843 3139 1149 3206 Potrisabastntia.

171 3221 546 3296 Hleaveranitavltus
788 3223 818 3286 5.
842 3223 985 3289 'landem
1000 3239 1130 3306 praeses
1144 3223 1218 3289 huic
1232 3223 1353 3292 rumori

172 3305 286 3372 Nullos
301 3307 414 3372 mortis
430 3324 530 3390 agens
544 3306 627 3374 ritus
842 3308 1005 3374 Praebent
1021 3323 1125 3380 aures,
1143 3305 1253 3374 Viturn
1267 3309 1348 3375 mori

172 3389 256 3470 Puer
269 3390 416 3473 pueritia.
844 3393 961 3459 (lenset
976 3392 1017 3457 de
1031 3389 1171 3457 iustitio:

119 3471 148 3535 2.
172 3473 271 3554 More,
287 3483 381 3556 gestu
395 3473 653 3554 transcendebat,
843 3475 878 3543 si
894 3493 956 3540 non
971 3479 1056 3541 esset
1071 3473 1279 3542 deferendum

173 3557 252 3625 Com
269 3576 327 3640 pro
342 3557 478 3633 Christo,
498 3575 591 3640 quem
607 3557 742 3640 uolebat,
843 3560 922 3626 Eius
938 3559 1033 3642 patri,
1049 3567 1083 3625 et
1097 3560 1292 3642 parcendum

143 3641 284 3708 ldoodi
299 3643 421 3724 sprevit
435 3641 569 3723 gaudia:
843 3645 919 3712 Vlto
935 3644 1036 3726 patris
1050 3644 1165 3725 gratia.

172 3725 290 3791 Dulaes
304 3726 406 3808 patris
420 3729 540 3808 sprevit
554 3725 642 3792 sinus
789 3723 818 3787 6.
844 3725 947 3812 Hylas
962 3745 1039 3808 ergo
1056 3727 1274 3810 deprehensus

171 3808 308 3887 Laudat,
324 3809 631 3876 lotosnilrilominus
844 3814 888 3879 Et
902 3831 959 3895 pro
974 3810 1050 3877 Vito
1064 3811 1277 3894 reprehensus

172 3891 264 3960 Vena
278 3910 410 3960 censens
426 3894 542 3959 omnia.
843 3893 1215 3977 Vitaenarratgaudia:

121 3974 149 4037 3.
172 3976 281 4043 Hicin
295 3977 384 4045 brevi
399 3981 644 4059 consummatus,
843 3979 952 4048 Verba
967 3979 1076 4062 patris,
1093 3977 1183 4058 dixit,
1198 3977 1275 4045 audi

172 4061 283 4128 Infans
297 4070 330 4128 et
344 4062 397 4128 vix
412 4061 593 4128 ablactatus
844 4062 1048 4131 Honorandis
1064 4062 1114 4128 dis
1130 4062 1258 4142 obaudi,

171 4145 257 4212 Puer
272 4146 339 4229 egit
354 4147 459 4212 senia:
844 4145 1115 4215 Odersaorlfioial

172 4230 270 4296 Pater
285 4233 363 4308 eius,
378 4229 439 4296 hou
453 4229 574 4308 audito,
790 4226 819 4287 7·
845 4231 939 4312 Cogit
954 4230 1064 4314 poenis
1079 4228 1261 4310 restratus,

171 4313 265 4380 Hunc
280 4315 414 4380 subduci
429 4331 525 4379 cursu
539 4314 604 4378 rito
845 4313 1251 4398 Soodetpaterdesolatus

171 4395 471 4480 lutetadllagitia.
844 4398 1012 4466 Tutanum
1028 4399 1167 4464 familia:

121 4477 149 4540 4.
172 4481 252 4548 Post
265 4479 393 4564 flagella
408 4480 634 4549 blandimentis
845 4482 908 4550 Sed
922 4501 980 4550 nec
995 4479 1104 4550 Vltum
1119 4483 1305 4551 deterrebat

172 4565 373 4646 Eblaoditur‚
389 4566 446 4632 sed
461 4567 629 4634 tormentis
843 4567 942 4650 Regis
955 4567 1013 4642 ira,
1029 4567 1252 4634 permovebat

172 4647 271 4731 Queri
286 4652 467 4718 constantia
844 4650 1180 4738 Meotepateranxia.
