3234 5246
717 267 948 332 -403-

186 448 215 508 5.
241 443 419 510 Laceratur
430 443 539 510 multis
553 444 665 524 modis,

243 525 307 592 Sed
322 527 554 610 sublaqueatus
568 529 660 596 nodis
915 527 1213 596 Stolenobisvitae
1229 532 1306 600 data

242 610 598 693 Migratadcoelestia:
914 613 1071 680 vivamus
1085 613 1118 680 in
1134 615 1247 698 gloria.

186 717 368 848 mTffigs
388 721 468 779 Mica.
494 719 641 778 Mindenso
669 723 747 778 1511.
783 751 817 764 -
853 721 954 778 Daniel
972 721 1007 810 ll,
1026 725 1079 779 215
1106 723 1157 778 tot
1184 723 1229 780 die
1251 731 1277 782 1.
1296 725 1416 797 &rapte
1434 743 1487 783 crea

916 444 1015 512 Cuius
1030 463 1125 528 prece
1140 445 1209 513 Deo
1223 453 1317 530 grata

740 903 938 912 ——n-—n—-a-

557 983 628 1048 593.
670 979 724 1048 De
745 1001 770 1047 s.
796 981 947 1064 Gregorio
969 979 998 1046 Ι.
1013 1001 1119 1062 popo.

185 1093 265 1163 (Gela
284 1097 339 1151 540
355 1112 393 1153 su
409 1095 492 1166 Rota,
521 1113 585 1153 ram
612 1099 703 1170 Papat
727 1099 844 1154 mabit
870 1102 933 1166 590,
959 1103 1027 1169 pert.
1053 1101 1094 1152 12.
1114 1095 1201 1154 Metro
1219 1102 1281 1166 601,
1311 1098 1422 1154 vactro
1440 1115 1485 1154 aar

752 1173 794 1224 12.
814 1170 923 1240 Mora.)

209 1279 236 1340 1.
254 1273 382 1340 Laudes
397 1289 548 1338 canamus
928 1275 1003 1341 Mox
1017 1275 1232 1356 inguinariam

255 1361 364 1424 nostro
379 1357 576 1439 redemptori
591 1356 730 1438 Christo,
926 1365 1051 1442 pestem
1066 1359 1214 1424 restinxit

253 1443 311 1592 {ui
327 1441 626 1508 venitnossalrare
926 1443 1116 1526 plebemque
1131 1461 1223 1508 suam
1235 1445 1370 1508 sanavit.

283 1526 411 1624 tlilofe
470 1609 476 1622 ,
878 1557 908 1617 9.
926 1551 1122 1618 Psallentnm
1137 1551 1243 1617 choris

255 1607 553 1676 suosrbrdedrcare
927 1635 1142 1702 modulamina

256 1693 422 1760 ecclesiam
437 1691 627 1772 dedicatam,

205 1777 234 1840 2.
253 1778 413 1844 Mundans
429 1793 499 1842 eam
515 1793 640 1858 semper
654 1776 764 1842 rivulis

253 1861 420 1929 inebriatis

927 1720 1087 1802 componit
1103 1719 1265 1785 dulcisona

925 1803 1121 1886 hymnizans.

924 1887 1101 1970 Anglorum
1117 1891 1244 1970 gentem

253 1946 374 2028 Rigans
393 1948 518 2010 montes
534 1945 573 2010 dc
588 1945 809 2026 superioribus
923 1972 1081 2036 convertit
1094 1971 1136 2036 ad
1152 1967 1314 2036 christum

253 2029 398 2097 nubibus.

205 2113 234 2175 3.
253 2115 299 2182 Ut
314 2113 413 2179 valles
427 2111 614 2177 habundant
627 2109 787 2176 frumento

254 2205 287 2264 ct
300 2197 360 2262 hoc
375 2195 540 2263 sollemnio

255 2280 327 2347 Una
340 2281 540 2364 proclament
557 2285 708 2346 canentes

255 2367 333 2432 odas
348 2365 573 2447 tripudiantes.

204 2449 234 2509 4.
253 2449 313 2514 Eia
327 2449 455 2530 egregio
471 2467 572 2531 papae
587 2465 727 2528 romano,

254 2533 377 2600 doctori
392 2549 569 2614 pangamus
585 2531 750 2614 Gregorio,

923 2061 1090 2136 totumque
1105 2054 1293 2137 praedicans

924 2139 1065 2205 illustrat
1080 2137 1243 2204 mundum.

857 2255 904 2315 10.
924 2248 951 2314 E
966 2247 1110 2313 tenebris
1124 2245 1242 2312 frames
1258 2243 1383 2312 functos

923 2350 1015 2414 prece
1030 2331 1126 2396 solvit
1142 2329 1439 2396 excommunicatos.

923 2415 967 2482 Et
981 2415 1112 2496 ignibus
1127 2413 1303 2480 inferorum

922 2499 1095 2564 Traianum
1111 2503 1281 2580 tyrannum
1297 2497 1389 2564 eruit.

254 2617 315 2695 Qui
325 2615 415 2682 lulsit
424 2615 543 2680 mundo
556 2621 589 2681 et
599 2633 715 2682 novum
722 2615 810 2682 sidus
857 2616 906 2676 11.
926 2607 1026 2686 Quem
1041 2606 1146 2687 gana
1160 2606 1221 2670 Dei

254 2699 808 2782 doctrinis,exemplisetrirtutibus‚
924 2697 990 2757 tam
1004 2691 1098 2774 plene
1112 2688 1255 2772 perfudit

206 2781 233 2846 5.
254 2785 314 2862 Qui
330 2801 431 2866 genus
447 2783 595 2850 eximium

254 2877 287 2935 et
301 2874 456 2946 sancum,
471 2885 534 2948 quo
549 2869 654 2947 nituit

251 2951 418 3036 magnifice
432 2951 556 3030 extulit,

253 3037 312 3103 (lui
326 3055 465 3120 pneuma
479 3041 516 3102 ut
530 3035 677 3102 columba

251 3123 285 3188 in
299 3120 474 3187 auriculam
489 3120 622 3186 stillavit

253 3207 443 3272 documenta
457 3205 602 3288 mystica.

205 3295 233 3354 6.
252 3289 406 3355 Mundum
424 3289 616 3372 contempsit

253 3380 286 3440 ct
301 3373 419 3439 abiecit

252 3459 391 3538 Pompas
407 3462 440 3522 et
454 3473 532 3538 opes

253 3541 380 3608 Christo
396 3539 494 3605 dedit.

204 3628 232 3688 7.
252 3625 391 3708 Septeno
405 3623 583 3690 instructus

252 3707 380 3774 flamine
394 3707 537 3773 condidit

250 3797 383 3874 septena
394 3791 555 3857 coenobia.

251 3875 394 3958 Angelus
407 3875 492 3940 hunc
505 3875 587 3956 petit

249 3965 287 4025 ut
300 3959 487 4040 naufragus,

251 4047 395 4126 Agapem
411 4041 545 4124 quaerit,

249 4128 354 4194 tribus
368 4127 491 4192 vicibus

253 4212 385 4295 Accepit
400 4215 433 4276 et
447 4210 541 4289 redit,

251 4297 372 4362 discum
388 4300 574 4378 argenteum

251 4381 376 4445 demum
392 4379 496 4446 laetus
510 4377 655 4462 percipit.

201 4469 230 4528 8.
251 4464 327 4530 Post
342 4463 421 4529 haec
434 4463 610 4530 assumitur

250 4547 441 4628 Christoque
457 4550 656 4614 monstrante

250 4649 335 4716 papa
349 4631 562 4698 constituitur.

925 2771 1102 2854 clementia,

861 2887 863 2891 ·
923 2859 970 2925 Ut
984 2857 1136 2942 quicquid
1150 2856 1270 2922 habere

928 2949 1047 3026 posset,
1061 2941 1163 3024 gratis
1178 2938 1304 3008 Christo

926 3027 1130 3094 distraheret.

859 3142 907 3204 12.
927 3134 1094 3217 Virginum
1111 3133 1231 3199 Rornae
1294 3145 1297 3150 “

926 3237 1088 3285 sacrarum
1103 3219 1192 3300 pavit

926 3305 989 3370 tria
1003 3303 1112 3367 millia.

927 3387 1077 3469 Corporis
1092 3385 1211 3451 Christi

925 3489 1040 3554 panem
1055 3470 1159 3536 carnis
1176 3473 1282 3534 mutat

924 3557 959 3620 in
975 3553 1120 3637 effigiem.
1189 3545 1200 3566 ⁶

859 3672 906 3734 13.
925 3663 1082 3746 Angelum
1097 3662 1157 3728 Dei
1171 3662 1270 3744 pavit,

925 3767 945 3813 a
959 3766 1023 3832 quo
1037 3750 1111 3830 post
1125 3745 1256 3825 audivit,

923 3833 1009 3916 quod
1024 3849 1058 3897 ae
1074 3829 1221 3896 Christus
1236 3828 1343 3911 elegit.

924 3917 1038 3998 Magos
1053 3914 1204 3993 caecavit,

923 4019 1005 4082 equo
1020 4000 1206 4065 daemonem
1220 3995 1344 4080 fugavit

923 4091 956 4150 et
970 4082 1119 4150 ecclesias
1136 4082 1271 4147 ornavit.

857 4219 903 4280 14.
925 4213 1032 4292 Aegra
1046 4228 1119 4276 caro
1135 4209 1204 4276 eius

922 4313 1048 4376 semper
1065 4295 1136 4372 fuit,

921 4397 1011 4444 mens
1026 4385 1133 4446 temen
1148 4377 1274 4443 intenta

921 4463 1020 4542 coelo,
1036 4463 1091 4529 ubi
1106 4461 1197 4528 nobis

920 4547 1073 4628 impetret
1090 4548 1186 4613 beate

920 4631 1063 4713 proemia
1077 4635 1268 4696 sanctorum.

1208 4745 1278 4808 26*
