3240 5224
665 327 702 339 -
748 295 891 358 309-

154 481 183 540 5.
206 475 295 542 Inter
310 473 458 540 convivas
472 471 604 538 dextera
619 475 733 539 cedens
748 479 780 540 te
796 472 941 539 defertur
954 491 1020 550 rex,
1042 478 1109 539 tnm
1126 471 1218 556 plebe
1241 474 1277 541 lit
1300 476 1432 542 credens

283 576 435 640 sponsum
451 563 548 639 atque
562 576 710 638 sponsam
726 557 798 622 hino
813 557 940 622 Christo
956 573 1153 626 consecrans.

153 648 185 708 6.
207 642 257 707 Tu
271 644 402 724 longum
416 641 478 706 iter
492 659 648 723 peragens
664 642 760 708 trium
777 661 931 708 annorum
946 641 1050 706 tribus
1065 641 1237 722 mensibus,
1257 661 1313 708 rex
1327 647 1433 710 terrae

283 728 426 804 miratur,
443 725 594 808 populum
610 725 651 790 ad
666 744 798 806 regnum
814 725 892 791 coeli
907 725 1079 790 adduxisti.

154 817 184 876 7.
207 809 319 892 Tuque
333 809 468 875 furentis
483 810 567 890 regis
581 808 673 875 fratri
695 817 820 874 mortuo
840 810 936 874 vitam
960 809 1114 896 tribuens,
1137 810 1210 876 hinc
1225 829 1279 876 rex
1295 817 1346 879 est
1360 829 1433 878 cou-

285 911 407 970 versns,
422 893 573 974 baptismi
589 895 725 974 gratiam
740 894 804 959 illis
819 893 991 959 contulisti.

155 984 186 1044 8.
209 978 292 1044 Hinc
317 977 457 1060 gentium
484 977 621 1058 populus
647 975 758 1042 Indiae
787 977 970 1058 relinquens
1000 977 1120 1042 cultum
1146 979 1316 1048 idolatriae
1341 979 1434 1047 valde

287 1061 400 1128 devote
414 1078 506 1142 quem
521 1061 712 1142 praedicasti
727 1062 898 1142 benignum
913 1061 1156 1144 redemptorem,

157 1151 187 1212 9.
211 1145 373 1212 Christum
395 1145 554 1210 laxantem
576 1146 662 1210 zelus
683 1145 901 1228 multipliciter
921 1147 1115 1213 revocabant
1137 1145 1179 1212 ad
1201 1153 1340 1214 mentem
1365 1149 1435 1212 lau·

288 1229 431 1296 dantium
447 1227 658 1294 ineffabiliter.

138 1320 188 1380 10.
211 1313 293 1380 Hine
312 1319 421 1379 sancte
443 1311 578 1392 Thema,
600 1312 718 1379 Christi
736 1313 869 1392 lamule,
897 1311 1023 1377 salvans
1046 1331 1155 1380 omnes
1171 1313 1211 1381 ab
1226 1317 1434 1400 aegritudine,

288 1399 449 1464 admirans
472 1399 557 1477 regis
578 1398 712 1462 coniunx
732 1415 885 1463 conversa
907 1413 976 1461 curn
1000 1397 1067 1463 suis
1089 1399 1254 1467 sodalibus
1270 1402 1433 1468 eredentes

287 1481 320 1546 in
335 1481 496 1546 Christum
511 1482 692 1562 baptisatae
708 1489 792 1560 sunt,

139 1572 189 1631 11.
213 1565 278 1631 Ora
292 1565 394 1630 Deum
408 1583 467 1630 nos
481 1571 587 1630 tecum
603 1565 643 1630 ad
658 1561 692 1631 id
706 1583 839 1646 regnum
855 1565 935 1630 coeli
950 1567 1110 1648 consequi.

139 1655 191 1714 12.
212 1649 400 1731 Exemplum
416 1651 542 1728 bonum,
558 1651 643 1730 quod
659 1649 691 1714 in
706 1650 765 1716 hoc
780 1648 898 1714 mundo
913 1649 1060 1715 Christus
1076 1650 1316 1731 demonstravit,
1340 1653 1434 1718 docu-

288 1733 342 1800 isti
358 1737 470 1813 gentes
485 1733 614 1798 imitari.

141 1822 190 1883 13.
213 1815 296 1882 Η111
309 1820 444 1882 mortem
458 1817 612 1897 acquiris,
636 1816 711 1882 dum
725 1815 856 1882 noluisti
871 1817 976 1882 surdis
992 1821 1025 1882 et
1039 1819 1136 1883 mutis
1149 1818 1244 1884 idolis
1259 1819 1436 1887 immolare.

140 1907 191 1970 14.
213 1900 322 1966 Genus
337 1919 519 1983 poenarum,
536 1901 643 1966 lances
658 1900 816 1978 ardentes,
833 1898 993 1966 fornacem
1008 1907 1181 1967 termarum
1197 1903 1364 1987 superasti,

139 1985 355 2050 1111111111
381 1985 522 2065 phanum
547 1983 713 2065 confregit,
742 1983 910 2066 pontifices
939 1985 1050 2069 templi
1079 2003 1154 2052 ense
1182 1987 1377 2070 transfigunt
1407 1993 1439 2052 11

290 2069 469 2150 cupientem
484 2068 525 2134 ad
540 2068 701 2134 Christum
716 2069 889 2150 pervenire.

141 2157 192 2218 16.
214 2152 297 2218 dudi
312 2153 382 2232 hos,
398 2153 453 2234 qui
467 2153 625 2232 laudibus,
642 2158 751 2218 sancte
766 2152 897 2231 Thema,
913 2159 946 2219 11
961 2153 1128 2222 honorant.

142 2243 192 2302 17.
215 2237 324 2303 811111
337 2255 396 2302 nos
411 2235 528 2301 Christi
544 2237 649 2317 gratia
663 2237 696 2302 in
711 2236 771 2300 hoc
785 2234 868 2301 festo
883 2243 916 2302 11
929 2238 1112 2318 implorans.

142 2327 191 2386 18.
213 2321 279 2387 Fac
299 2337 367 2400 nos,
388 2319 521 2400 Christe,
543 2322 647 2386 111111
667 2339 724 2403 per
745 2326 889 2386 sanctum
905 2321 1059 2388 Thomam
1076 2321 1236 2388 Didimum
1259 2323 1309 2389 iac
1333 2343 1391 2391 nos
1408 2331 1440 2391 11

292 2421 474 2487 agnoscere.

142 2494 191 2556 19.
215 2489 280 2554 Fac
293 2507 352 2554 nos
367 2495 422 2554 tuo
439 2489 627 2571 precamine,
643 2505 662 2552 o
679 2493 788 2554 sancte
802 2487 931 2568 Thoma,
949 2489 1059 2554 sedulo
1075 2491 1180 2556 lesum
1194 2507 1332 2556 cernere.

141 2579 192 2639 20.
215 2573 334 2638 Christi
348 2573 488 2638 vulneris
503 2591 559 2652 per
574 2575 704 2652 tactum,
721 2572 865 2654 apostole
880 2580 989 2639 sancte
1005 2572 1134 2652 Thema,

142 2663 193 2722 21.
213 2657 451 2806 Β11111ᾏ111111
472 2655 567 2721 finem
588 2673 719 2738 precare
739 2657 851 2722 mortis
866 2663 996 2724 nostrae
1017 2663 1160 2740 tempore
1175 2664 1339 2725 auctorem
1354 2658 1440 2725 vitae

291 2759 326 2806 re
350 2759 405 2806 rre.

213 2847 307 2904 Text.
345 2848 423 2904 Miss.
442 2847 614 2904 Halberstat.
637 2852 712 2906 1111.

695 3027 781 3033 --.--
788 3027 893 3035 .-..-..-..

590 3144 662 3205 432.
689 3138 742 3204 De
756 3159 820 3204 nno
836 3139 993 3222 Martyre.

560 3254 676 3324 (Auctor
694 3259 737 3310 eat
755 3254 864 3311 Notlrer
881 3253 1034 3322 Balbulus.)

166 3401 194 3460 1.
217 3391 301 3470 Quid
315 3395 351 3457 tu
365 3391 455 3471 virgo
470 3395 572 3456 mater
585 3391 702 3472 ploras,
717 3389 837 3458 Rachel
852 3389 1001 3470 formosa,

165 3485 194 3544 2.
218 3477 316 3542 Cuius
330 3474 438 3540 vultus
452 3474 547 3539 Iacob
563 3474 725 3539 delectati

165 3573 194 3632 3.
215 3561 289 3627 Heu
303 3557 421 3626 sororis
436 3559 601 3624 anniculae
615 3558 782 3641 lippidudo
796 3576 868 3624 eum
883 3559 984 3624 invetl

163 3652 194 3713 4.
216 3644 329 3726 Terge,
344 3649 457 3724 mater,
473 3641 608 3708 fluentes
626 3643 743 3722 oculos,

165 3736 193 3797 5.
217 3727 319 3806 Quem
334 3729 449 3792 decent
463 3745 616 3808 genarum
630 3726 783 3792 rimulael

164 3819 194 3880 6.
218 3813 320 3894 „Heu
333 3812 407 3890 heu,
421 3811 493 3890 heu,
509 3810 587 3892 quid
600 3829 651 3875 me
666 3811 829 3890 incusatis,
844 3810 937 3876 fletus
952 3812 1113 3877 incassum
1128 3809 1258 3890 fudisse,

165 3903 184 3964 7
188 3949 195 3964 .
218 3897 298 3963 Cum
312 3897 373 3962 sim
388 3894 601 3974 ecbatanam,
618 3899 839 3978 paupertatem
854 3913 958 3960 meam
973 3897 1027 3978 qui
1042 3896 1130 3961 solus
1145 3893 1293 3960 curaret?

164 3987 194 4049 8.
218 3980 280 4060 Qui
301 3998 360 4047 nos
381 3978 528 4045 hostibus
550 3979 678 4044 cederet
701 3984 853 4060 angustos
875 3981 1038 4059 terminos,
1059 3979 1115 4062 qui
1129 3979 1207 4044 mihi
1221 3977 1319 4045 Iacob
1335 3979 1443 4060 acqui·

293 4065 377 4144 sivit,

165 4155 194 4216 9.
215 4147 340 4297 Quiqfue
355 4147 481 4296 mgis
495 4143 660 4228 fratribus,
683 4164 763 4228 quos
784 4147 902 4214 multos
922 4148 1002 4230 proh
1025 4146 1116 4214 dolor
1139 4146 1247 4228 extuli,
1271 4151 1358 4215 esset
1372 4165 1444 4231 pro·

306 4237 421 4299 uturns

146 4323 195 4386 10.
216 4316 379 4398 Numquid
392 4315 515 4381 flendus
530 4319 579 4380 est
592 4315 661 4396 iste,

145 4409 194 4471 11.
217 4401 279 4479 Qui
293 4418 428 4484 regnum
440 4400 582 4482 possedit
596 4399 734 4466 coeleste

146 4491 195 4554 12.
217 4486 342 4568 Quique
357 4502 452 4569 prece
465 4483 624 4567 frequenti
638 4484 762 4551 miseris
775 4483 930 4551 fratribus
945 4485 1032 4567 apud
1046 4485 1148 4552 Deum
1167 4484 1363 4552 auxiliatur?

216 4593 356 4651 11111.
392 4593 478 4650 Mene
496 4593 548 4648 No.
568 4595 619 4649 741
641 4593 678 4664 (8,
698 4593 760 4664 111)
778 4608 845 4650 otas:
871 4592 925 4648 He.
945 4609 982 4648 11
999 4593 1040 4650 St.
1061 4593 1162 4651 Galles
1179 4595 1232 4652 No.
1253 4594 1314 4651 878.
1358 4593 1446 4648 ,278

143 4667 197 4728 mil
212 4664 346 4725 Naaman.
387 4663 449 4722 Voa
475 4665 584 4724 Notker
602 4668 664 4723 880.
690 4681 717 4737 p.
736 4668 797 4722 241.
824 4665 985 4722 11111111.
1012 4667 1065 4722 mit
1091 4663 1218 4722 Naaman
1241 4665 1295 4740 (Δ).
1363 4680 1385 4722 a.
1410 4677 1447 4722 aa
