3218 5234
678 306 910 373 -152-

545 491 739 560 Albertus
762 492 919 559 Gereon
941 490 1054 558 Stein

259 605 361 660 Pastor
379 603 416 659 ad
434 603 460 660 S.
479 603 616 658 Joannem
634 603 790 671 Baptistanr
810 601 940 658 Coloniae
957 601 1118 670 Ibidemque
1136 601 1165 656 in
1184 600 1338 658 Seminario

517 689 756 759 Archiepiscopali
792 689 895 746 Cantus
931 689 1074 759 Magister.

302 879 451 946 Coloniae
473 877 659 963 Sumptibus
681 879 726 945 Et
747 879 845 962 Typis
873 878 985 945 Joania
1013 877 1101 943 Petri
1129 877 1291 944 Bachemii

624 981 733 1045 Anno:
756 976 964 1046 MDCCCLV.

168 1205 195 1265 1.
215 1197 315 1278 Virgo
331 1193 498 1275 Virginum
514 1195 689 1277 praeclara,
841 1201 870 1260 2.
890 1193 968 1272 Quis
984 1199 1033 1259 est
1049 1192 1174 1274 dignus,
1188 1190 1283 1258 laude
1299 1191 1405 1275 digna,

215 1283 350 1347 Praeter
364 1297 473 1343 omnes
488 1279 555 1343 Deo
572 1297 655 1361 cara,
888 1277 1079 1344 Collaudare
1094 1276 1148 1356 Te,
1166 1277 1305 1358 benigna

244 1364 444 1429 Dominatrix
463 1363 622 1445 coelitum,
918 1363 1026 1443 virgo,
1042 1361 1113 1427 fons
1128 1361 1378 1428 charismatum?

216 1449 282 1515 Fac
296 1465 353 1513 nos
369 1448 421 1529 pie
435 1451 466 1512 te
484 1452 622 1530 eantare,
888 1446 1009 1512 Gratiis
1025 1452 1058 1510 et
1072 1453 1141 1511 tota
1156 1447 1258 1529 plena,

214 1533 405 1598 Praedicare
421 1537 575 1597 etamare
887 1529 1308 1612 Totapuloraluxserena,

245 1616 330 1682 Audi
344 1619 419 1682 uota
435 1615 623 1698 supplicum.
918 1615 978 1680 Dei
993 1615 1244 1680 tabernaculum.

166 1756 195 1816 3.
215 1749 351 1830 Oquam
365 1767 482 1830 magna
497 1748 568 1816 Tibi
586 1748 661 1816 lecit
838 1755 867 1815 4.
886 1748 985 1831 Virgo
1000 1766 1075 1813 vere
1089 1748 1265 1828 benedicta,

214 1834 275 1912 Qui
292 1841 404 1916 potens
422 1842 480 1911 est,
497 1842 529 1899 et
543 1833 661 1898 adiecit
888 1833 991 1914 Culpa
1003 1849 1164 1915 nunquam
1179 1851 1213 1898 es
1229 1831 1385 1899 obstricta

245 1917 391 1983 Gratiam
407 1918 448 1984 ad
463 1917 616 1998 gratiam!
919 1917 1033 1982 Carnis
1049 1917 1081 1981 in
1100 1916 1204 1996 exilia,

215 2002 277 2080 Qui
292 2003 415 2067 eoelum
431 2008 612 2082 terramque
626 2002 711 2082 regit
887 2001 962 2068 Sine
977 2001 1050 2067 labe
1065 2006 1101 2066 tu
1116 2003 1277 2082 concepta,

215 2088 353 2152 Matrem
369 2086 430 2152 sibi
445 2086 490 2150 Te
506 2086 611 2165 elegit,
886 2085 1004 2167 Magno
1019 2085 1124 2166 lapsui
1139 2091 1308 2168 praerepta

245 2170 402 2252 Sponsam
418 2175 515 2251 atque
529 2169 636 2235 filiam.
916 2168 1046 2234 Summo
1061 2170 1237 2251 privilegio.

166 2309 194 2370 5.
214 2303 437 2369 Contendebat
453 2309 615 2370 certatura
838 2307 866 2370 6.
886 2304 955 2370 Eva
970 2322 1054 2370 nova
1067 2321 1167 2369 novae
1182 2303 1271 2385 legis,

213 2389 302 2453 Tune
317 2406 388 2452 oum
403 2389 509 2468 gratio
523 2393 648 2469 natura,
887 2388 1080 2469 Praeelecta,
1098 2389 1211 2453 summi
1226 2388 1321 2470 regis.

244 2472 359 2538 Gratia
373 2473 564 2554 praevaluit:
917 2472 1056 2538 Consors
1071 2473 1140 2537 eius
1155 2472 1277 2553 gloriae

212 2558 385 2637 Apeoeato
401 2563 648 2638 praeservatam
887 2557 935 2622 Tu
950 2557 1119 2622 draconem
1134 2556 1295 2630 domuisti,

212 2642 389 2706 Immunem
404 2646 437 2704 et
450 2641 607 2706 illibatam
886 2641 976 2706 Forti
990 2639 1070 2722 pede
1085 2640 1263 2704 contrivisti

242 2725 324 2790 Mire
339 2729 371 2791 te
386 2726 562 2792 constituit.
916 2723 1037 2790 Victrix
1052 2729 1149 2808 eaput
1164 2723 1312 2789 Satanae.

164 2865 193 2926 7.
212 2857 344 2941 Semper
358 2857 484 2938 fulgens
498 2859 617 2924 munda
635 2859 727 2942 stola,
837 2863 866 2924 8.
883 2857 965 2924 Cras
979 2875 1064 2923 nuno
1078 2857 1121 2922 ad
1135 2856 1265 2923 dextras
1279 2854 1365 2932 Nati,

211 2945 300 3008 Inter
315 2944 450 3007 mundas
465 2943 584 3008 munda
598 2943 675 3024 sola,
885 2943 965 3024 lugo
986 2942 1090 3007 solvat
1105 2961 1125 3006 a
1139 2942 1261 3023 peccati

242 3026 583 3092 Adscendistisidera:
915 3026 1002 3104 Quos
1016 3025 1153 3091 redemit
1167 3026 1337 3108 sanguine:

211 3108 313 3193 Super
329 3111 456 3192 agmina
471 3120 664 3194 sanctorum,
885 3109 1097 3177 ManusTuae
1113 3109 1237 3175 stillant
1250 3110 1344 3190 dona,

211 3195 314 3276 Super
330 3197 443 3260 choros
459 3197 645 3276 angelorum
884 3196 979 3262 Vitae
994 3194 1044 3260 lae
1059 3193 1205 3260 eoelestis
1220 3194 1303 3261 bona

240 3279 373 3362 Sceptra
388 3280 473 3362 geris
488 3279 634 3368 Domina.
913 3279 957 3345 Et
971 3281 1004 3346 in
1019 3299 1077 3346 nos
1092 3278 1239 3344 defluere.

163 3417 191 3478 9.
211 3413 289 3478 Esto
304 3412 395 3478 nobis
410 3413 507 3477 maris
523 3415 627 3493 stella,
816 3420 863 3481 10.
884 3415 983 3495 Virgo
999 3415 1144 3494 clemens,
1160 3413 1250 3492 virgo
1264 3411 1326 3495 pia,

209 3497 257 3562 Ne
272 3516 331 3562 nos
346 3495 498 3562 fluctuum
514 3499 654 3578 procella
883 3499 952 3564 Duo
967 3498 1080 3563 salutis
1095 3516 1153 3563 nos
1168 3497 1201 3561 in
1215 3497 1266 3562 via

240 3581 437 3662 Navigantes
454 3581 581 3662 obruat3
913 3581 1008 3647 Vitae
1021 3600 1077 3663 per
1093 3581 1236 3660 exilium;

208 3665 258 3730 Er
272 3685 336 3747 qua
351 3666 438 3731 salus
454 3671 504 3730 est
518 3669 639 3744 exorta,
879 3666 955 3742 Nos,
970 3686 988 3732 o
1004 3671 1116 3746 mater,
1132 3664 1183 3730 hie
1198 3671 1298 3740 tuere,

207 3749 279 3814 Esti
294 3749 385 3816 nobis
401 3750 480 3816 coeli
497 3757 589 3831 porta
883 3751 967 3817 Olim
980 3751 1054 3816 istie
1068 3749 1118 3815 fao
1133 3748 1242 3815 videre

238 3833 327 3911 Quae
342 3835 505 3902 salvandis
520 3839 639 3917 pateat.
912 3835 956 3900 Te
972 3834 1138 3915 Tuamque
1151 3831 1260 3898 filium.

141 3971 188 4031 11.
208 3965 281 4048 Fae,
297 3971 330 4032 te
345 3967 434 4048 duee,
449 3987 507 4034 noa
522 3987 625 4051 orare,
814 3972 862 4033 12.
882 3967 954 4048 Fae,
969 3987 1028 4034 nos
1043 3972 1129 4034 stare
1143 3968 1207 4034 fide
1221 3985 1298 4034 vera

206 4051 349 4132 Vigilare
364 4057 398 4116 et
414 4059 546 4134 certare,
881 4051 1033 4132 Caritate,
1049 4071 1106 4135 spe
1119 4053 1242 4118 sincera

237 4135 349 4200 Certos
364 4139 440 4202 tuae
454 4139 594 4216 gratiae:
910 4138 1039 4219 Absque
1056 4136 1166 4219 culpae
1181 4135 1321 4201 macula:

206 4215 318 4283 Funde
332 4221 424 4284 nobis
439 4223 493 4302 pia
508 4223 600 4296 dona,
880 4219 1017 4304 Cregem
1031 4219 1328 4300 libisicdieatum,

208 4297 333 4382 Castor,
349 4309 452 4368 mater
467 4309 500 4370 et
514 4311 651 4386 patrona
878 4303 947 4370 Iam
966 4306 1145 4389 apatribus
1159 4311 1319 4371 sacratum

237 4383 374 4451 Sanctae
400 4387 444 4453 sis
469 4387 619 4454 Coloniae
648 4386 762 4473 (eode-
908 4390 1064 4474 Protagas
1078 4389 1112 4456 in
1126 4389 1263 4457 saecula.

336 4469 427 4556 siae).
1283 4472 1394 4539 Amen.

687 4657 887 4677 nnn—nun·-
