3234 5246
717 365 758 376 -
803 332 948 398 ³92-

188 515 216 576 3.
245 508 358 577 Oions
372 510 597 594 professurum,
860 513 889 576 6.
916 509 1030 576 Daturi
1046 508 1209 586 bonorum,

242 593 319 660 Vita
334 593 547 676 perlectorum
916 593 961 659 Ut
975 594 1066 675 gregi
1082 599 1265 658 sauctorum

243 678 589 745 NosiuvaFrancisce.
917 678 1090 759 Iungamur
1103 675 1282 742 Plancisce.

186 765 217 825 4.
244 763 358 829 Aestus
374 762 533 840 vitiorum,
860 767 889 829 7.
915 761 953 827 ln
969 778 1066 844 reguo
1082 760 1243 826 coelorum

241 846 338 912 Vims
376 851 556 912 erectorum
914 844 1018 912 Charo
1034 845 1219 926 angelornm

242 865 530 996 Diluelplrancisce.
914 927 1057 996 Concede
1072 927 1247 995 Biantisce
1277 928 1388 995 Amen.

187 1016 216 1076 t.
241 1012 434 1095 Stigmatum
450 1031 613 1080 sacrorum

241 1097 341 1178 Signa
355 1097 573 1164 mirandorum

241 1181 383 1248 Ostende
397 1181 578 1263 Francisce,

255 1287 350 1346 Text.
387 1290 467 1347 Mica.
485 1290 565 1348 fratr.
583 1289 672 1346 Paria
692 1293 770 1346 leto.

737 1477 936 1490 ⁸⁸*-

430 1630 501 1691 574.
545 1623 597 1690 De
619 1623 796 1692 beatissimo
811 1629 909 1708 putre
929 1628 1037 1690 nostro
1057 1621 1243 1690 Francieco.

188 1763 215 1824 1.
241 1758 542 1824 Gratuleturhcdic
858 1767 886 1826 4.
912 1759 996 1824 Dum
1011 1759 1155 1825 interris
1170 1777 1292 1842 opere.

239 1843 421 1926 Pauperum
436 1843 581 1925 collegio,
913 1843 1063 1910 Formam
1079 1841 1200 1910 Christi
1214 1861 1328 1926 gerere

238 1926 394 1993 Exsultat
409 1927 553 1994 laetitiae
912 1927 991 1994 Vult
1005 1934 1039 1992 et
1053 1928 1143 2008 sequi
1158 1927 1325 2009 dogmata:

238 2010 408 2076 Franciscu
424 2011 638 2093 praeconium,
912 2011 1032 2077 Palmis
1047 2011 1167 2094 plantis
1183 2011 1285 2077 latere

237 2094 338 2172 Quem
353 2095 502 2161 coelestis
516 2097 624 2160 curiae
913 2093 1096 2161 Transfixus
1112 2113 1169 2179 pru
1185 2096 1317 2161 vnlnere

238 2178 386 2261 Suscepit
404 2180 610 2257 consortium,
913 2178 1309 2262 Sacragestatstigmata.

237 2263 276 2326 lu
298 2281 361 2344 quo
377 2263 463 2342 regis
478 2262 600 2343 gloriae

239 2345 483 2428 Contemplatur
501 2345 610 2410 filium.
858 2351 886 2413 5.
912 2347 973 2413 Hic
988 2346 1137 2428 splendet
1148 2347 1312 2414 miraculis

182 2431 212 2494 2.
238 2429 308 2495 Iam
323 2431 356 2496 iu
371 2429 468 2496 coelis
483 2429 601 2495 fruitur
912 2429 1322 2513 Tantis,quudasaeculis

238 2515 332 2593 Luca,
349 2532 431 2596 quae
445 2531 507 2578 non
522 2513 644 2596 patitur
913 2515 1025 2580 Parem
1041 2533 1104 2580 nun
1119 2515 1264 2581 invenio:

238 2599 349 2664 Finem
364 2615 467 2680 neque
482 2598 671 2676 terminum
912 2600 938 2663 Α
955 2600 1067 2664 mortis
1083 2599 1232 2681 periculis

238 2683 300 2748 llic
314 2699 437 2766 pauper
451 2681 625 2763 egreditur,
910 2681 1051 2762 Liberat,
1067 2683 1216 2752 etoculis

238 2765 302 2832 Sed
318 2765 406 2831 dives
420 2766 602 2847 ingreditur
911 2764 1022 2832 (laucis
1038 2767 1134 2833 datur
1147 2766 1239 2832 visio.

239 2849 357 2916 Verum
373 2849 480 2915 lumen
495 2849 659 2914 luminum.

183 2933 212 2994 3.
239 2931 429 3016 Paupertas,
454 2932 628 3013 humilitas,
855 2937 884 2998 6.
911 2932 955 2998 Os
969 2938 1130 3000 mutorum
1146 2933 1291 3014 solvitur,

241 3017 349 3082 Pietas
363 3021 397 3082 et
411 3017 551 3084 charitas
909 3013 1021 3083 Multis
1035 3020 1101 3084 vita
1115 3018 1262 3085 redditur

238 3100 277 3165 ln
292 3099 418 3166 Christo
433 3100 594 3166 refloruit:
910 3099 954 3164 Et
967 3119 1080 3168 sensus
1095 3099 1273 3168 freneticis:

238 3185 275 3249 ln
291 3189 398 3250 mente
413 3185 592 3263 sinceritas,
911 3184 1041 3250 Cunctis
1057 3185 1122 3251 vita
1137 3185 1291 3267 panditur

238 3267 282 3333 Et
297 3269 459 3350 signorum
475 3269 599 3334 novitus
911 3267 1032 3334 Salutis
1047 3275 1081 3335 et
1095 3270 1221 3335 tollitur

237 3352 551 3435 Incorporepatuit.
908 3351 1009 3418 Error
1024 3355 1065 3420 ab
1081 3353 1260 3420 haereticis.
1291 3353 1403 3418 Amen.

252 3457 344 3515 Text.
381 3461 460 3519 Mira.
478 3461 558 3518 fratr.
577 3461 667 3516 Paris.
686 3462 764 3516 1520.

733 3641 932 3651 --—-.-.-

423 3787 494 3848 575.
536 3781 590 3847 De
610 3780 789 3849 beatissimo
805 3789 1028 3867 putrescerc
1048 3783 1234 3851 Francisco.

183 3924 210 3983 1.
238 3915 276 3982 In
291 3933 429 3998 superna
444 3915 574 3984 civitate
908 3917 957 3984 Tu
971 3919 1004 3983 in
1019 3919 1115 3984 Petro
1129 3917 1280 3999 crucifigi,

236 3999 618 4068 DcFranciscinuritatc
909 4001 953 4068 Et
967 4002 1050 4068 hunc
1064 4004 1124 4068 tibi
1140 4003 1188 4068 vis
1203 3999 1318 4082 configi

237 4083 327 4149 Felix
343 4084 463 4167 gaudet
476 4087 581 4152 curia:
910 4087 1173 4152 Passionescuia.

237 4167 331 4234 Hunc
345 4175 489 4235 recenter
506 4169 594 4235 uobis
609 4169 697 4235 misit
1299 4203 1301 4210 ·

237 4251 300 4329 Qui
314 4253 708 4334 mansurumsepromisit
854 4256 883 4318 3.
909 4252 1267 4319 Vulneratrixaliorum

237 4335 371 4417 Semper
385 4353 455 4400 cum
471 4336 613 4402 ecclesie.
908 4335 1009 4402 Istum
1025 4337 1128 4403 solum
1147 4336 1336 4402 dilectorum

910 4419 1074 4486 crucifixit
1088 4420 1244 4486 charitas:

181 4509 210 4572 2.
235 4503 350 4569 Petrus
365 4501 480 4584 claves,
497 4501 603 4568 clavos
619 4505 681 4570 iste
908 4503 1011 4581 Quam
1025 4505 1165 4570 incarne
1179 4505 1268 4570 nullu
1282 4504 1370 4570 disca

236 4587 487 4669 Laterisquetui
503 4586 630 4652 Christe
908 4588 1041 4654 Crucem
1056 4587 1395 4654 carnisinFrancisto

237 4671 398 4738 Monstrat
412 4670 594 4754 privilegia:
908 4672 1044 4740 Miretur
1059 4672 1252 4740 humanitus.
