3186 5254
629 284 672 296 -
713 245 779 316 475
817 284 859 296 —

64 439 129 500 12.
155 431 347 512 Regressus
362 447 420 496 uso
438 429 574 510 distulit,
776 437 824 498 13.
846 429 944 497 Servs
959 431 1106 498 bonafao
1121 431 1260 513 Servari,

153 515 230 582 Sed
246 513 427 582 Traiectum
442 515 609 582 transtulit
843 513 934 581 Utin
950 516 1033 582 bono
1049 519 1229 586 conservati

155 597 281 668 Sedem
295 599 517 684 praesulatus:
844 600 934 666 Servi
949 601 998 666 tui
1014 601 1079 667 siut
1094 602 1209 668 salvati

155 683 301 748 Furtum
317 683 415 750 clasis
431 683 541 762 edidit,
841 683 879 749 In
894 689 1075 751 sanatorum
1091 703 1239 752 numero:

156 766 268 845 Quem
283 766 335 834 fur
349 767 442 834 homo
458 765 601 834 condidit
840 767 878 832 iu
894 767 1034 834 secundo
1049 787 1108 835 uos
1123 769 1263 836 adventu

156 851 433 918 Aviumvoiatus.
840 850 909 916 Tuo
927 853 1235 919 servasiuterveutu

839 935 1073 1002 Damnatorum
1086 956 1107 1002 a
1121 945 1278 1004 conventu

839 1018 883 1085 Et
897 1037 917 1084 a
931 1021 1030 1087 verbo
1046 1038 1170 1102 aspero.

840 1105 941 1170 Amen
957 1103 1044 1171 dicut
1059 1105 1161 1170 omnis
1177 1106 1317 1172 soolosia.

161 1211 263 1269 Text.
300 1213 379 1270 Miss.
397 1212 484 1268 Basii
505 1215 574 1267 1510
590 1213 630 1266 im
648 1209 772 1280 Anhanp
787 1213 974 1282 perstrictos.
985 1243 1019 1254 -
1035 1215 1136 1270 Daniel
1155 1216 1191 1284 Ii,
1210 1218 1261 1270 221
1280 1215 1331 1270 oar
1351 1216 1396 1270 die

78 1289 107 1338 1.
129 1284 262 1355 serapte
279 1285 331 1341 mit
349 1285 400 1340 der
416 1283 609 1354 Bernarkunp:
638 1281 671 1338 In
688 1282 836 1338 Germania
854 1285 992 1355 superiori
1011 1287 1116 1356 passim
1135 1288 1247 1342 usitata.

400 1565 472 1628 105.
516 1561 559 1627 Io
579 1562 790 1630 translatione
810 1581 836 1629 o.
858 1561 965 1630 Saum
980 1561 1089 1643 presb.

84 1679 192 1748 (Lebte
219 1679 348 1763 100530
373 1679 405 1764 s'n
432 1677 546 1764 Italion.
582 1679 648 1734 Dan
675 1679 746 1764 Lpt
774 1681 823 1736 aas
850 1681 899 1736 Ηῑ.
925 1681 1049 1736 bewoirrt
1078 1680 1122 1734 dia
1147 1679 1334 1764 Pforrkiroire
1360 1696 1396 1734 ru

84 1749 344 1820 Monotsrmosield
369 1766 409 1806 sm
433 1749 962 1893 Bmmffffss'ssmoffgksspjm
989 1750 1059 1807 Fost
1087 1752 1182 1822 bepett
1210 1751 1256 1805 doe
1273 1751 1396 1806 Droaeae

90 1953 119 2013 1.
149 1943 282 2010 Summe
296 1943 380 2010 bona
395 1945 429 2008 st
443 1945 563 2024 suavis,
768 1951 798 2012 4.
824 1945 913 2012 Boua
927 1945 1011 2026 Iesu,
1030 1945 1062 2010 iu
1078 1943 1197 2011 Severo

150 2027 214 2106 oui
229 2027 360 2095 Petrum
376 2026 416 2092 de
430 2045 519 2094 ramo
534 2030 625 2096 navis
826 2028 1036 2096 Utostsudas
1050 2047 1194 2094 normam
1208 2029 1303 2108 clero,

149 2114 293 2192 vorasti,
309 2118 346 2177 ut
359 2118 446 2178 osset
458 2113 550 2180 noris
824 2111 871 2179 Ut
885 2114 1043 2198 probatur
1058 2113 1149 2195 signo
1165 2131 1239 2180 voro

148 2194 516 2264 Rectorsauotasfidsi:
824 2196 1077 2264 Uxorastfilis:

149 2280 362 2348 Publicanum
376 2285 413 2346 tu
428 2281 565 2358 traxisti,
823 2281 960 2347 Fatuos
976 2280 1118 2347 tibiDoo
1134 2299 1208 2346 varo

149 2364 315 2430 Peccatori
331 2381 420 2446 spem
436 2363 564 2444 dedisti,
825 2363 923 2430 Gravi
938 2383 1026 2431 mors
1041 2370 1073 2430 et
1089 2383 1210 2445 savaro,

150 2449 195 2515 Et
209 2447 285 2522 huic
299 2448 383 2514 huno
397 2447 580 2530 praefecisti
824 2447 1035 2529 Totomsuts‚
1051 2447 1146 2513 corde
1164 2467 1252 2514 mero

151 2531 456 2612 Lumeuevsugslii.
823 2532 1032 2599 Ferralaudo
1048 2533 1163 2598 dulcia.

97 2624 126 2684 2.
153 2616 202 2681 Tu
217 2617 257 2682 de
272 2617 346 2682 lana
360 2615 565 2696 transtulisti,
858 2636 862 2642 ·

154 2698 253 2776 Quam
268 2700 309 2764 ad
325 2700 431 2765 lanam
446 2698 658 2781 assumpsisti,

153 2781 246 2848 Huuo
262 2782 406 2849 columba
421 2782 591 2848 ostendisti
768 2791 797 2851 5.
824 2783 912 2850 Uxor
926 2784 996 2850 sius
1011 2783 1104 2849 nobis
1119 2783 1228 2848 iuncto

154 2867 422 2932 Prassulsmcum
437 2866 555 2948 gloria:
823 2869 891 2934 Nos
905 2867 1052 2934 defenset
1065 2867 1187 2949 pellens
1202 2871 1326 2946 cunata,

156 2949 602 3030 GuiusuomsuastSevsrus
824 2949 1199 3030 Quassuutuobisfeilo
1215 2952 1323 3018 iuncta

155 3034 244 3114 Quod
259 3039 309 3100 ost
323 3035 460 3116 siguum,
474 3033 559 3116 quod
574 3049 701 3100 severus
824 3035 890 3102 Sub
904 3037 997 3101 molis
1011 3035 1160 3101 latentia:

154 3118 340 3185 Dsbstessa
355 3118 594 3202 praesulvorus
823 3118 1226 3186 Sitstnatanobistestis

155 3201 275 3270 Ouuota
289 3221 442 3286 spernens
458 3203 548 3268 lavis.
821 3203 924 3287 Super
939 3203 1060 3268 cunctis
1076 3203 1195 3267 nostris
1211 3202 1321 3283 gostis,

104 3291 131 3353 3.
153 3286 233 3354 Huic
246 3305 327 3353 uxor
338 3287 520 3368 maritatur,
822 3287 871 3353 Sit
886 3293 920 3352 et
934 3286 1050 3352 mentis
1066 3304 1149 3352 nova
1162 3287 1261 3352 vestis

154 3370 318 3438 Fortitudo
334 3371 361 3437 si
376 3373 538 3452 iungatur,
821 3369 1165 3437 Pulchrsiuuooentis.

154 3451 197 3520 Ut
209 3459 339 3538 peccato
354 3454 523 3521 resistatur

152 3537 283 3603 Nomius
296 3537 481 3605 Vincentia:

153 3621 231 3686 Filia
243 3621 431 3689 Innocentio
765 3627 793 3691 6.
821 3621 867 3689 Ut
880 3641 939 3690 uos
954 3619 1053 3688 fortas
1069 3622 1164 3688 sorde
1179 3621 1250 3703 puri

154 3703 211 3770 Pro
226 3703 315 3771 salvo
329 3705 531 3787 conscientia,
818 3707 857 3773 Iu
871 3707 931 3774 hoc
946 3725 1037 3774 sacro
1051 3705 1223 3789 pugnaturi

154 3786 453 3856 Utcsdautmentis
468 3789 547 3856 vitio
819 3791 922 3859 Hoste
935 3792 1020 3858 victo
1035 3789 1236 3873 permansuri

154 3871 209 3939 Est
221 3872 366 3956 praelato
381 3875 519 3957 propria.
820 3873 939 3942 Tecum
955 3875 1054 3943 simus
1070 3873 1236 3957 perpetim.

167 3997 190 4038 a.
208 3979 300 4036 Teaet.
337 3981 421 4038 Mose
447 3980 499 4038 No.
520 3984 588 4038 1150
616 3983 652 4054 (0,
671 3983 733 4053 501)
761 3999 827 4039 asro:
851 3981 904 4038 Hs.
929 3999 984 4038 oon
1011 3981 1039 4036 S.
1059 3979 1142 4036 Peter
1164 3997 1202 4036 su
1231 3977 1392 4036 Korisruire

107 4053 152 4110 No.
169 4056 205 4108 10.
222 4069 250 4123 p.
269 4055 331 4109 006.
349 4053 401 4108 mit
419 4053 469 4108 der
487 4051 620 4120 Molosso,
637 4055 682 4108 14.
692 4051 791 4110 Jaoro.
812 4055 865 4124 (Δ).
885 4054 1098 4122 MissMogunt.
1110 4055 1179 4108 1402
1190 4051 1243 4124 (Β),
1264 4053 1390 4121 Mogunt

110 4125 168 4181 itti
183 4124 230 4196 (O).
249 4155 284 4166 -
302 4124 403 4180 Dauisl
422 4123 457 4194 V,
477 4125 529 4180 010
548 4124 598 4179 irat
616 4124 670 4178 don
687 4123 759 4180 Text
778 4141 830 4181 aus
849 4126 942 4180 Mons.

167 4210 190 4266 b.
206 4207 391 4268 Losarteo.
428 4213 453 4281 2,
472 4213 498 4266 5.
516 4209 607 4266 Huius
625 4211 655 4266 0.
674 4239 707 4252 -
727 4215 753 4281 4,
772 4215 797 4266 7.
816 4210 899 4267 cordo
916 4225 981 4268 raro
1001 4209 1030 4268 0.
1055 4241 1089 4253 -
1115 4211 1141 4284 5,
1160 4214 1185 4267 0.
1205 4211 1294 4282 Supra
1313 4209 1342 4270 O.
1356 4233 1390 4250 -“-

110 4283 131 4354 5,
147 4284 168 4338 7.
183 4289 292 4340 nostras
310 4283 394 4342 restis
414 4281 506 4339 Mons.
525 4311 559 4323 -
578 4285 606 4353 0,
623 4285 650 4337 2.
668 4281 722 4338 hoo
740 4282 832 4340 saeclo
851 4283 880 4338 0.

640 4505 838 4542 ...,-.-..
