3266 5222
681 193 910 259 -175-

151 375 230 434 hsari
248 375 281 434 R.
317 379 354 435 Et
371 395 452 437 cruce
471 381 507 438 ln.
527 397 551 438 a.
589 383 677 440 Ornos
695 400 792 452 meque
811 383 855 440 iac
869 381 948 440 beari
967 381 1023 438 VZ.
1042 381 1153 450 Fasque
1172 393 1252 436 eruca
1270 377 1402 435 msbesrl
1415 379 1451 435 x.

152 452 239 506 cruce
258 451 302 506 isc
320 451 435 508 mohac
453 453 532 509 beari
551 453 582 510 T.
619 457 707 511 cruce
726 471 768 510 me
786 455 830 510 inc
848 455 979 510 inebriari
997 453 1023 510 (l.
1042 483 1076 496 -
1095 457 1120 522 9,
1137 457 1162 509 9.
1182 451 1220 507 Ut
1238 467 1331 507 amors
1349 451 1399 508 filii
1418 453 1450 508 E.

152 524 220 578 Gom
239 538 337 578 cruore
355 523 374 578 l.
393 524 423 579 (t.
459 525 497 580 Et
514 541 551 580 cr.
571 523 589 580 i.
607 525 911 583 ABHKLOPRUVZb.
948 525 989 582 Ob
1008 541 1129 582 amorem
1147 524 1166 579 l.
1186 541 1203 579 a
1226 525 1319 579 Mene.
1346 525 1417 580 Dan.
1436 539 1451 579 e

151 592 327 650 Misellum.
364 623 398 636 -
434 597 461 663 9,
479 599 504 650 4.
532 597 577 652 Da
602 613 638 654 nc
664 615 715 654 nos
740 597 890 654 succendat
907 597 978 668 ignis
997 597 1051 666 Qui
1069 603 1185 667 paratus
1209 603 1252 652 est
1269 593 1398 665 malignis
1417 596 1450 652 Y.
1542 613 1551 625 “

151 663 285 722 lllamnnis
303 681 338 722 ns
356 681 423 722 urar
441 668 581 723 succensis
599 667 674 724 VZb.
711 669 752 724 Fl.
780 686 816 724 ns
843 685 910 724 urar
934 670 1060 726 succensi
1085 669 1139 724 Per
1157 675 1184 723 ts
1203 668 1280 738 virgo
1300 668 1386 725 nimus
1404 667 1451 722 ‹ls-

151 735 222 792 iensl
240 735 273 793 R
310 737 436 792 Flamma
453 755 490 793 ns
508 744 572 792 uret
591 755 738 796 succensus
757 739 820 796 Wd.
857 739 989 795 Hannonis
1013 755 1048 796 99
1075 755 1141 794 urar
1159 753 1292 795 accensus
1310 739 1370 794 AN.
1406 739 1452 794 ln·

150 805 285 864 flammati
304 815 333 864 et
350 809 460 865 accensi
478 809 510 864 L.
546 809 735 866 Inflammatus
755 817 783 866 st
802 827 935 867 accensus
954 811 987 867 U.
1007 811 1099 866 Mune.
1108 811 1179 866 Dan.
1200 827 1216 865 o
1233 810 1310 868 Miss.
1320 809 1400 866 Rom.
1416 839 1451 852 -

150 880 176 944 a,
195 882 220 934 o.
239 879 270 934 P.
289 886 309 934 t.
328 881 375 950 pia
394 881 424 935 Z.
443 881 535 936 lione.
554 883 598 950 pic
616 881 674 938 ΒΗ.
711 883 764 938 Per
783 889 810 937 te
829 890 946 937 matrem
966 883 999 940 Α.
1019 881 1304 940 simnsdeisnsiL.-
1318 887 1360 950 10,
1373 885 1450 938 1-9.

151 949 260 1008 Christe
278 968 340 1006 cum
359 952 396 1007 sit
413 953 476 1009 hinc
495 953 572 1008 exirs
589 954 633 1009 Da
650 970 700 1024 per
718 961 834 1010 matrem
843 953 991 1010 mesenire
1010 953 1054 1010 Ad
1073 953 1192 1024 palmam
1210 954 1340 1011 uictoriae
1356 953 1450 1011 SVZh.

150 1021 214 1077 lesu
243 1022 351 1080 christe
379 1039 439 1078 cum
467 1023 504 1080 sit
531 1023 577 1078 hic
604 1025 680 1080 exire
698 1026 742 1080 Da
760 1041 810 1096 per
827 1033 943 1080 matrem
963 1041 1015 1082 nos
1033 1025 1128 1080 venire
1146 1025 1179 1080 R.
1217 1025 1327 1080 christe
1345 1025 1381 1081 sla
1399 1041 1452 1082 nos

150 1093 215 1148 hino
232 1095 309 1150 exire
336 1095 467 1150 Felicitan
493 1103 521 1150 et
547 1095 667 1151 mansius
686 1096 718 1150 Y.
747 1097 797 1153 sim
816 1097 850 1152 ll.
878 1097 955 1152 exire
974 1097 1030 1152 AB.
1068 1096 1218 1152 OGhriste
1244 1113 1306 1152 cnm
1331 1097 1368 1152 sit
1385 1097 1452 1152 hinc

150 1165 227 1219 exire
245 1165 324 1220 LOP.
362 1168 426 1221 chr.
445 1183 506 1221 snm
525 1167 589 1222 hinc
608 1169 645 1224 sit
663 1183 706 1223 ex.
729 1169 763 1224 X.
801 1169 864 1224 Chr.
884 1183 944 1226 cum
963 1167 1100 1238 contingit
1116 1167 1182 1222 hinc
1200 1184 1243 1222 ax.
1259 1168 1323 1223 Wd.
1342 1169 1388 1223 hio
1407 1183 1450 1224 ex.

149 1235 183 1291 ll.
202 1265 236 1276 —
259 1239 300 1302 10,
319 1240 344 1290 2.
364 1238 407 1292 Do
425 1255 451 1304 p.
470 1245 586 1292 mortem
605 1239 689 1294 thP.
708 1255 760 1296 nos
779 1256 839 1295 nen.
856 1239 889 1294 L.
909 1269 942 1280 -
965 1244 1006 1304 10,
1026 1242 1050 1294 6.
1070 1240 1171 1294 Anima
1188 1237 1388 1296 KLOPSVYZ.
1414 1271 1449 1284 -

152 1310 193 1366 lo.
212 1309 237 1360 6.
256 1307 362 1376 gloriae
382 1307 632 1364 9999291999.
653 1339 685 1352 ·-
705 1311 810 1366 GDEG.
829 1312 901 1366 Dan.
920 1327 973 1366 cess
991 1311 1016 1366 U
1035 1312 1095 1365 999
1112 1311 1281 1366 Misellum.
1301 1311 1450 1367 sclaliectcs

149 1378 202 1432 nsit
214 1377 362 1448 folpcndcr
379 1379 452 1435 Sta:
470 1381 527 1435 Fac
544 1395 588 1436 ma
606 1397 686 1438 croco
704 1381 846 1447 custodiri,
864 1381 956 1438 Morte
975 1381 1077 1440 Christi
1095 1383 1265 1450 praemuniri
1293 1383 1390 1451 (prom.
1409 1382 1447 1452 c),

150 1449 649 1591 confoverimatiafflnnndocdorpua
667 1453 808 1522 mosietur,
828 1453 894 1522 Fac,
913 1460 944 1509 nt
962 1453 1069 1509 animae
1088 1451 1449 1525 doneturParaclisigloria

149 1547 185 1564 -·-
203 1521 389 1590 sempiternes
475 1538 533 1592 par.
572 1563 578 1577 .

221 1623 243 1661 c.
264 1609 416 1666 chcrlc.
454 1610 542 1667 Ucher
569 1611 645 1667 dicas
671 1611 812 1668 heralmtc
830 1611 953 1682 &qoem
971 1613 1032 1684 piot
1050 1629 1078 1668 cs
1097 1613 1157 1668 sinc
1180 1609 1273 1666 selcha
1291 1609 1449 1668 Ititerotor.

149 1675 177 1734 S.
196 1677 280 1736 hlone
298 1681 358 1736 and
374 1681 483 1736 Daniel.
502 1712 537 1724 -
556 1681 698 1740 Desstsclsc
709 1683 947 1754 Uebcrsetsunpcn
966 1683 1075 1739 steten:
1093 1683 1193 1740 Daniel
1208 1681 1242 1752 11,
1255 1685 1312 1740 135.
1331 1682 1450 1754 Hnogsn

149 1751 175 1818 2,
194 1753 254 1806 tot.
274 1752 339 1820 (oon
357 1751 558 1828 Elisnbergcr).
596 1755 739 1816 Schlosser
757 1755 778 1810 l.
797 1754 826 1810 S.
845 1759 906 1810 178.
943 1753 1020 1812 Bone
1037 1753 1090 1810 Nr.
1109 1757 1170 1810 164.

702 1915 900 1926 ,υ--ι--ι-μ

499 2031 569 2094 224.
607 2025 744 2093 Sanctae
764 2024 896 2092 Mariae
917 2026 1101 2106 compassio.

153 2151 179 2213 1.
205 2147 584 2218 Gaudetorbatidelium
821 2157 851 2217 4.
877 2151 982 2216 Datur
994 2153 1097 2214 meter
1112 2147 1267 2230 discipulo

205 2233 321 2300 Mentis
336 2235 444 2300 colens
457 2233 643 2332 martyrium
878 2233 957 2300 Cum
973 2234 1111 2298 maximo
1125 2232 1287 2314 mysteiio,

205 2315 294 2394 Eius,
310 2325 393 2400 quae
409 2318 497 2384 dedit
510 2317 608 2384 lilium
878 2317 1029 2385 Iohannis
1045 2316 1104 2382 sub
1119 2314 1272 2384 vocabulo

206 2402 243 2468 ln
259 2409 391 2470 mortem
406 2421 465 2485 pro
481 2401 615 2468 misens.
878 2401 989 2480 Quivis
1003 2401 1092 2466 venit
1105 2399 1216 2466 tidelis.

150 2487 180 2548 2.
207 2483 271 2552 Sed
286 2487 455 2566 gaudendo
471 2491 652 2569 compatere
822 2488 851 2548 5.
877 2485 1007 2552 Gratias
1022 2485 1080 2550 tibi
1095 2485 1232 2560 domina,

205 2567 300 2635 Matri
317 2571 569 2637 desolatissimae
877 2568 966 2648 Quae
980 2565 1366 2644 materesiaotanoetra,

206 2651 284 2718 (lum
301 2655 398 2736 digna
412 2653 609 2737 gratitudine
878 2649 1235 2719 Subcrucesalutifera

204 2735 479 2820 Eiicctopictatis.
876 2737 959 2804 Filio
975 2753 1157 2818 cooperans.

149 2821 180 2884 3.
205 2821 281 2887 Nati
297 2823 343 2888 sic
356 2823 505 2888 condolet
520 2822 639 2906 poenis,
822 2821 850 2882 6.
877 2823 946 2904 lige
961 2821 1006 2886 sic
1021 2825 1131 2904 grates
1145 2817 1211 2884 lilio

203 2903 247 2970 Ut
263 2906 463 2988 congaudeat
477 2905 628 2973 redemtis
876 2905 1021 2972 Protam
1037 2902 1150 2986 mandi
1165 2906 1374 2982 sumomonte,

203 2987 580 3070 Exiervorechanitstis
877 2987 923 3054 Ut
937 2995 1064 3055 tuorum
1080 2987 1209 3053 deuotio
1408 3067 1415 3082 .

204 3071 263 3138 Cui
278 3091 341 3139 non
355 3077 406 3140 est
420 3073 543 3140 similis.
876 3072 1009 3157 Semper
1020 3072 1072 3138 hic
1084 3071 1127 3138 sit
1136 3069 1284 3136 iubilans.
1300 3067 1447 3134 Alleluia.

219 3197 245 3236 a.
264 3179 359 3238 Teoet.
394 3183 485 3238 llorel
502 3182 555 3239 No.
576 3181 682 3238 1999.
701 3185 745 3238 94.
764 3199 830 3238 oses:
847 3181 901 3237 He.
920 3197 957 3236 aa
974 3179 1015 3236 St.
1031 3177 1132 3234 Galles
1149 3177 1202 3234 No.
1222 3179 1282 3232 546.
1302 3175 1449 3246 (Brander)

149 3249 196 3306 Bl.
215 3255 258 3308 91.
276 3255 328 3307 mit
346 3253 395 3307 der
415 3253 618 3320 Ueterschsift:
644 3254 783 3322 „Sabbato
801 3261 867 3324 post
885 3259 1010 3310 octauam
1029 3251 1154 3308 Paschae
1177 3249 1275 3305 festive
1293 3247 1449 3304 celebratur

149 3321 399 3452 ggnfflpoem
425 3323 577 3380 hilariae
603 3325 718 3394 virginis
744 3325 891 3394 sequentia
917 3323 953 3380 ad
980 3324 1098 3396 primam
1124 3321 1236 3380 misnam
1254 3327 1299 3375 ut:
1327 3317 1448 3375 Verbum

219 3482 245 3539 h.
263 3482 415 3540 Bostaris.
450 3485 567 3554 „poenis
586 3483 622 3553 (9,
643 3485 678 3552 1.)
696 3485 756 3540 aod
772 3489 871 3540 nostia
894 3485 930 3552 (t,
949 3483 985 3550 2.)
1009 3481 1120 3538 werdon
1144 3481 1188 3536 olo
1212 3477 1335 3548 stntspfe
1352 3475 1450 3561 39999

147 3554 317 3624 petronacium
341 3557 393 3612 dos
419 3554 537 3612 Gedicht
561 3556 601 3611 iat
620 3555 748 3626 offetsbor
767 3571 821 3611 ooo
844 3555 933 3609 cimas
945 3553 1163 3622 fronstsisclssn
1180 3549 1301 3607 Dichter
1318 3566 1356 3606 au
1373 3562 1450 3632 msam

149 3623 437 3756 mffasfimffi
444 3628 581 3755 mg?
600 3623 779 3682 Lntcimclu
796 3626 883 3681 echon
900 3623 974 3680 sach
991 3625 1118 3696 heatipcr
1131 3621 1346 3695 srmosiechcr
1359 3617 1449 3674 Wcsse

390 3997 460 4060 225.
503 3991 556 4059 Dc
570 3991 785 4075 conpassione
798 3991 907 4061 hsotcc
922 3990 1056 4059 Marsae
1069 3991 1213 4074 cirpiuic.

174 4131 199 4193 l.
223 4123 624 4290 Omnffigalahllffibffflstnr
644 4123 748 4191 llario
769 4128 942 4190 ueneratur
963 4123 1065 4204 hodie,
1087 4122 1231 4205 quamvis
1256 4136 1383 4203 semper
1408 4115 1451 4182 eit

171 4299 200 4360 2.
222 4289 490 4442 Ν99ἰζὶθτέἒω9999
510 4291 644 4373 maculo,
668 4292 779 4358 necin
801 4291 909 4358 radico
922 4289 1040 4358 iniecta
1054 4291 1183 4356 crimine
1199 4285 1326 4360 actuali,
1347 4299 1450 4368 neque

171 4465 200 4528 3.
223 4457 369 4526 Genoisti
385 4459 454 4526 sine
468 4459 546 4539 viro,
560 4457 647 4540 quod
662 4457 817 4527 nuncians
831 4457 1071 4544 paranymphus
1086 4455 1233 4524 Gabriel:
1258 4459 1364 4520 tecum
1385 4449 1450 4518 Do·

298 4542 412 4626 minus,
427 4543 523 4626 plena
536 4541 651 4626 matis.
