3240 5224
670 335 900 399 -345—

137 521 166 582 9.
192 513 433 596 Languidorum
448 513 622 580 multitudo

194 598 267 664 Suis
282 601 402 664 sanetis
418 598 564 680 precibus

193 681 304 764 Surgit
318 701 397 748 sana
414 683 571 748 fortitudo

192 767 359 849 Ibaturque
373 767 542 834 dobilibus.

814 519 863 581 lo.
883 513 1013 579 Summo
1027 513 1096 596 regi
1110 531 1320 597 supernorum

881 597 1057 664 lubilemus
1072 598 1202 680 pariter,

881 679 959 747 Eius
974 681 1085 748 laudes
1100 689 1134 747 et
1148 686 1330 748 sanatorum

880 765 1060 852 Psallentes
1075 766 1281 834 sollemniter.

208 875 302 931 Text.
339 876 440 931 Daniel
458 877 492 944 V,
512 877 564 931 242
583 891 617 932 ex
636 875 739 933 Officiis
756 875 874 932 uetustis
893 875 1015 932 Suebiae.

507 1177 579 1240 495.
623 1171 676 1238 De
703 1191 728 1236 s.
757 1171 898 1236 Antonio
925 1177 1074 1254 ntortyro.

613 1287 746 1356 (Verebrt
764 1304 810 1343 om
828 1291 854 1342 2.
873 1287 962 1358 Sept.)

139 1421 166 1480 1.
193 1413 319 1479 Christe
334 1411 425 1478 miles
441 1411 601 1478 Antonine

192 1497 280 1563 Deus
297 1497 386 1564 urbis
401 1495 612 1576 Pollentinae,

192 1581 423 1648 Holocaustunn
438 1579 584 1646 Pontiae:

192 1665 259 1732 Nos
272 1667 306 1731 in
321 1683 418 1730 unum
434 1681 594 1742 coacerva,

192 1749 259 1814 Nos
273 1751 438 1815 unanimes
453 1765 605 1814 conserva

193 1833 302 1900 Sordis
319 1853 338 1900 a
353 1833 510 1914 congerie.

136 2090 167 2150 2.
192 2083 238 2150 Ut
252 2085 307 2166 qui
322 2089 427 2150 terrae
443 2085 482 2150 de
498 2083 655 2164 proiundo

192 2167 321 2234 Fortem
336 2169 396 2233 sibi
409 2167 570 2234 sitibundo

192 2253 388 2335 Praepotens
404 2253 527 2318 elicuit:

864 1409 926 1490 Qui
940 1409 1078 1476 salutem
1092 1411 1171 1494 potu
1186 1426 1277 1475 sacro

865 1491 926 1560 Vel
940 1493 1080 1560 salvifico
1095 1495 1222 1560 lavacro

865 1577 1040 1660 Languidis
1055 1577 1209 1644 restituit.

810 1666 839 1730 3.
865 1663 955 1729 Siout
969 1681 1028 1728 nos
1042 1661 1232 1742 audivimus,

865 1746 917 1813 Ita
931 1763 1057 1827 quoque
1072 1745 1209 1812 vidimus

866 1829 1005 1896 Ciuitate
1020 1829 1154 1894 domini:

865 1915 927 1979 Hie
942 1919 975 1979 et
989 1915 1054 1979 tuis
1068 1913 1217 1996 precibus

866 1997 1006 2063 Subveni
1022 1997 1219 2081 supplicibus

865 2081 958 2146 Nune
971 2081 1089 2164 ubique
1105 2089 1138 2148 et
1151 2099 1287 2162 semper,

866 2163 967 2314 Quffili1
987 2165 1059 2248 pius
1088 2165 1159 2248 ipse
1188 2165 1276 2231 Deus
1305 2164 1437 2230 tribuat.

970 2269 1019 2314 en.

208 2361 300 2416 Tent.
337 2361 438 2416 Daniel
465 2361 499 2430 V,
527 2363 579 2416 302
607 2375 642 2416 ex
669 2359 747 2416 Miss.
776 2357 935 2413 Pallantino
965 2360 1043 2416 1563.
1084 2357 1298 2426 Ecclesiologist
1326 2357 1437 2414 xovlr.

136 2433 207 2502 Aug.
228 2436 305 2488 1858.
325 2450 352 2502 p.
371 2436 432 2488 233.

688 2555 888 2562 .—-—....--—-

425 2649 497 2710 496.
540 2644 593 2711 De
613 2664 639 2709 s.
661 2645 802 2712 Antonio
825 2643 936 2710 abbate
957 2649 986 2709 et
1007 2645 1145 2710 aurita.

135 2763 215 2833 (Geb.
233 2766 286 2818 251
305 2781 342 2818 aa
360 2762 535 2819 Kornouboi
552 2763 695 2820 Hero-bien
712 2766 744 2818 in
763 2764 967 2834 oterepppten,
993 2770 1061 2834 pest.
1089 2767 1132 2817 17.
1152 2761 1218 2820 Jon.
1237 2765 1300 2832 356,
1327 2767 1438 2823 verebrt

145 2959 172 3020 1.
198 2955 236 3020 In
250 2953 310 3020 hae
325 2954 377 3020 die
391 2955 589 3021 laetabunda

197 3038 308 3104 Nostri
323 3039 411 3104 chori
426 3039 518 3121 plebs
532 3039 669 3106 iocunda

197 3122 319 3188 Psallet
334 3141 405 3187 cunr
420 3123 577 3206 tripudio:

197 3203 245 3270 Ex
259 3207 320 3272 hee
336 3208 388 3272 die
403 3207 587 3290 triumphali

196 3289 335 3369 Laudes,
352 3296 427 3356 voto
442 3292 572 3373 speciali

196 3373 365 3440 Persolvat
380 3375 528 3444 Antonio.

142 3494 171 3554 2.
196 3489 258 3555 Hie
271 3490 390 3572 insigni
405 3491 506 3573 stirpe
521 3497 625 3572 natus,

197 3573 288 3639 Dono
304 3575 364 3640 Dei
380 3575 549 3641 decoratus

197 3655 325 3724 Effolsit
338 3660 529 3726 virtutibus:

196 3742 299 3808 Antra
312 3744 396 3824 petit
411 3761 467 3826 per
483 3743 657 3824 desertum,

197 3825 245 3890 Ne
261 3845 295 3891 se
310 3827 396 3892 vitiis
410 3827 565 3892 insertum

195 3907 334 3976 Mundus
348 3911 439 3976 fallat
453 3911 575 3992 opibus.

141 4027 170 4086 3.
198 4017 267 4095 Quo
282 4019 350 4085 viso
366 4037 498 4102 serpens
512 4021 673 4103 antiquos,

196 4101 315 4168 Christi
332 4105 433 4168 servis
447 4103 603 4186 inimicus,

195 4185 372 4268 Praeparat
386 4187 536 4254 insidias:

196 4268 316 4335 Cellarn
331 4272 420 4337 subit
435 4273 504 4338 sine
519 4291 608 4338 mora

162 4385 166 4396 ·
194 4353 238 4420 Et
253 4357 343 4434 quasi
359 4355 448 4436 virgo
463 4355 580 4422 decore

194 4435 262 4503 Sibi
278 4439 335 4503 det
348 4439 536 4506 blandicias.

138 4555 169 4614 4.
197 4546 267 4624 Quo
283 4551 446 4629 comperto
461 4548 553 4614 miles
569 4545 662 4614 fontis

194 4630 316 4712 lnquit:
339 4633 431 4712 cuba
445 4629 546 4698 fornes
560 4632 673 4698 mortis

196 4713 298 4799 Super
312 4715 363 4783 his
378 4716 586 4785 carbonibus:

689 2839 796 2891 31117.
815 2835 895 2904 Joo.)

869 2955 1012 3020 Daemon
1026 2953 1111 3036 fugit
1124 2955 1342 3038 perturbatus,

868 3038 943 3104 Mox
958 3038 1164 3105 daemonibus
1179 3039 1318 3122 stipatus

868 3121 962 3186 Hune
976 3123 1082 3188 caedit
1097 3125 1296 3190 verberibus.

813 3207 842 3268 5.
868 3205 1001 3270 Ieiuniis
1017 3213 1197 3273 maceratus

867 3289 1025 3356 Mundum
1040 3308 1205 3372 spernens,
1232 3289 1438 3374 0111311111-

910 3379 964 3438 tus

869 3455 982 3523 Carnis
997 3457 1093 3524 solvit
1108 3457 1266 3524 debitum:

868 3539 1019 3623 Quisquis
1032 3542 1107 3623 igne
1120 3543 1301 3608 trucidatur

869 3625 1056 3705 Gehennali,
1071 3625 1226 3692 liberatur

867 3709 915 3775 Ob
931 3710 1032 3792 ipsius
1047 3711 1208 3776 meritum.

812 3791 840 3852 6.
867 3793 960 3859 Nune
973 3795 1121 3860 exultans
1136 3795 1302 3861 laureatus

867 3875 959 3943 Stolo
972 3878 1057 3942 vitae
1072 3879 1240 3944 decoratus

867 3961 906 4026 In
921 3962 1051 4027 coelesti
1066 3961 1216 4028 eulmine:

867 4043 1030 4110 Thronum
1045 4063 1188 4112 summae
1202 4048 1381 4126 maiestatis

868 4127 948 4193 Cum
964 4129 1129 4210 spiritibus
1145 4129 1247 4197 beatis

865 4211 966 4278 Laeto
981 4213 1084 4278 cernit
1098 4215 1228 4280 lumine.

812 4295 840 4355 7.
867 4295 923 4362 Pie
933 4301 1027 4378 pater
1041 4297 1179 4379 pretiose

866 4380 978 4446 Funde
992 4399 1104 4462 preces
1119 4383 1246 4464 copiose

866 4463 997 4530 Summo
1012 4466 1094 4548 Regi
1109 4467 1246 4548 gloriae:

866 4547 928 4614 Pro
942 4549 1103 4630 praesenti
1121 4551 1280 4628 concione,

865 4631 911 4696 Ut
924 4633 958 4698 in
973 4635 1053 4698 coeli
1067 4635 1199 4715 regione

865 4715 970 4783 Melos
984 4721 1078 4786 canat
1092 4716 1227 4798 gotiae.
