3234 5246
709 237 941 302 -398-

179 419 226 484 16.
250 415 354 498 Super
369 417 531 502 speculam
546 417 692 484 exaltans
706 417 806 498 illurn,
822 421 942 485 turrem
957 419 1033 486 Sion
1049 420 1220 486 observare
1234 417 1371 500 ordinat,

178 507 225 566 17.
248 501 310 568 Hic
323 501 497 568 adornatus
512 519 550 566 ac
564 502 719 585 pastorali
734 519 829 569 curae
843 503 979 583 deditus,

177 590 225 652 18.
249 586 372 653 Pascua
387 587 472 652 vitae
488 585 599 652 ovibus
616 585 735 652 Christi
750 593 910 654 monstrat
924 589 1073 670 optimae.

178 673 226 735 19.
248 671 310 736 Hic
323 671 482 736 hominem
498 689 575 736 casu
590 671 761 737 contritum
776 671 925 738 sublevat
940 675 974 738 et
986 689 1044 756 per
1058 671 1201 738 membra
1215 672 1343 752 solidat,

176 758 226 820 20.
250 753 311 832 Qui
327 754 447 820 divisas
462 773 520 837 per
535 755 637 820 undas
652 753 731 820 Padi
747 755 885 834 transiit,
901 760 938 820 ut
951 756 1042 822 Iesus
1056 756 1145 822 Nave
1161 753 1247 822 iecit.

176 841 226 904 21.
249 837 323 902 Solo
338 838 428 904 iussu
443 839 590 904 claudum
606 840 708 904 erexit
722 844 756 904 11
770 838 882 905 habita
896 840 969 918 tuis,
986 838 1122 919 Christe,
1137 840 1236 906 servis
1249 839 1417 922 dispersit.

176 927 226 988 22.
249 921 295 987 Te
309 927 501 988 testamento
516 921 593 988 iecit
608 921 789 1003 haeredem,
803 927 912 989 notem
926 922 984 989 tibi
999 921 1138 990 iuudans
1153 923 1274 992 aedem.

176 1011 225 1071 23.
250 1006 423 1088 Postquam
440 1007 544 1072 omnia
559 1007 704 1088 erogavit
718 1005 851 1088 largiter

176 1095 225 1154 24.
248 1090 354 1172 Atque
369 1108 549 1156 mensuram
565 1089 625 1156 sibi
642 1089 750 1156 datam
766 1093 926 1158 conservis
941 1091 1136 1158 ministravit
1149 1091 1333 1175 prudenter,
1589 1089 1590 1154 l

176 1179 226 1238 25.
249 1173 321 1240 Tibi
335 1176 473 1240 animum
489 1174 583 1240 bodie
596 1175 704 1241 reddit
718 1176 846 1241 laetam.

175 1262 224 1324 26.
248 1258 341 1408 Hunlc
361 1266 393 1325 te
415 1259 581 1426 ((tlbri3te)‚
604 1259 695 1326 uobis
717 1264 755 1325 ut
775 1259 970 1335 reconciliet,
992 1259 1084 1344 plebs
1107 1261 1208 1327 omnis
1231 1259 1334 1328 tidelis
1347 1263 1383 1326 et
1395 1259 1491 1326 iubi-

338 1361 406 1424 ans,
440 1351 510 1409 orat
528 1393 534 1407 .

175 1431 224 1490 27.
247 1427 341 1492 lluuc
356 1429 440 1492 diem
456 1427 631 1508 gloriosum
646 1425 761 1506 iecisti,
776 1427 879 1493 sancti
894 1427 1027 1510 spiritus
1042 1429 1122 1495 assit
1136 1429 1230 1495 nobis
1244 1428 1359 1512 gratia

247 1533 339 1589 Text.
377 1533 1011 1592 11111111.419.8.2341111.·Η1.1181.
1039 1535 1140 1594 Gades
1167 1537 1220 1594 No.
1240 1540 1292 1594 546
1320 1537 1491 1609 (Brauder)‚

175 1603 223 1659 Bl.
242 1609 303 1662 363.
323 1637 357 1648 -
376 1605 451 1662 Eine
468 1604 675 1678 Nocbobmuop
692 1622 747 1662 oon
765 1605 818 1662 No.
840 1609 899 1661 124.

728 1765 926 1774 ————.-.--.

403 1886 474 1949 585.
517 1881 569 1948 De
589 1901 615 1948 s.
641 1881 824 1950 Gebebordo
846 1883 991 1966 snbrepo
1016 1881 1256 1952 commotast.

197 2010 224 2070 l.
247 2003 393 2070 Gaudete
407 2003 486 2069 iusti
501 2004 534 2068 in
550 2001 676 2069 domino
690 2001 751 2068 hac
766 2003 854 2069 clara
872 2001 934 2082 dic,

196 2093 224 2154 2.
248 2087 476 2154 Gallaudautes
491 2086 654 2152 Christum
670 2087 818 2153 consonis
833 2088 968 2154 vocibus
983 2091 1016 2154 et
1029 2085 1167 2169 organis.

196 2175 226 2236 3.
249 2172 312 2250 Qui
326 2173 359 2236 in
374 2171 494 2237 sanctis
510 2171 577 2235 suis
591 2169 762 2236 laudabilis
777 2177 828 2236 est
842 2177 875 2237 11
892 2169 1057 2236 mirabilis.

196 2260 226 2321 4.
250 2257 337 2333 Quos
352 2253 510 2336 glorificat
525 2254 607 2318 mira
622 2255 725 2336 gloria
738 2255 771 2319 in
787 2261 875 2320 terra
890 2274 927 2320 ac
942 2273 1039 2338 super
1055 2253 1171 2320 sidera

199 2345 227 2403 5.
250 2339 333 2405 Hinc
347 2343 407 2416 est,
422 2337 517 2402 bodie
532 2339 617 2418 quod
633 2355 823 2404 veneramur
839 2339 917 2406 haec
932 2345 1136 2404 sacrosancto
1150 2335 1316 2404 sollemnia

199 2428 227 2488 6.
252 2421 451 2490 sanctissimi
466 2421 623 2501 praesulis
638 2421 831 2503 Gebehardi‚
847 2423 901 2504 qui
917 2429 1011 2489 ornat
1026 2423 1136 2488 mundi
1151 2421 1280 2504 polique
1294 2419 1425 2486 curiam.

198 2512 227 2572 7.
250 2507 312 2572 Η11
325 2505 424 2572 nobili
440 2506 539 2588 stirpe
553 2508 750 2589 progenitus,
765 2507 904 2572 nobilior
919 2507 974 2574 sed
990 2505 1118 2573 refulsit
1132 2504 1283 2571 moribus.

198 2597 227 2656 8.
251 2589 352 2668 Quem
371 2609 427 2656 rer
447 2595 560 2672 potens
581 2589 838 2672 dispensatorem
852 2590 993 2657 familiae
1014 2609 1091 2658 suae
1111 2587 1302 2657 consulendo
1317 2587 1489 2672 praetulit,

199 2679 228 2742 9.
252 2673 298 2741 Ut
312 2675 469 2740 talentum
484 2673 545 2739 sibi
560 2673 709 2741 collatum
723 2675 766 2740 ad
782 2694 912 2742 usuram
929 2675 1030 2756 daret,
1045 2693 1103 2741 uec
1118 2675 1177 2741 sub
1193 2679 1281 2739 terra
1295 2677 1432 2756 tegeret.

183 2764 231 2826 10.
254 2759 324 2838 Quo
344 2759 459 2824 ditavit
478 2759 605 2838 multos,
627 2759 781 2826 torrendo
802 2759 881 2826 dure
902 2759 1076 2841 inprobos,
1100 2759 1243 2840 rogando
1265 2757 1380 2823 leuiter
1405 2756 1489 2823 sub·

330 2843 431 2908 iactos
447 2849 545 2924 atque
561 2845 755 2926 corrigendo.

184 2931 231 2991 11.
254 2925 415 3009 Dispersit
426 2931 562 3006 terrena
574 2931 612 2992 ut
619 2945 688 2993 com
730 2933 819 2994 raret
830 2933 971 3008 aeterna,
986 2925 1126 2992 fundens
1137 2927 1208 3004 tibi,
1221 2923 1355 3004 Christe,
1371 2922 1488 2990 1111111

329 3017 425 3092 teque
440 3008 517 3076 fecit
532 3011 593 3077 sibi
609 3011 685 3078 bere
708 3029 767 3078 em.
971 3063 973 3067 -

184 3099 231 3158 lu.
255 3093 399 3160 Pulsauti
414 3093 475 3160 tibi
491 3097 631 3162 occurrit
645 3095 854 3178 gaudensque
868 3099 900 3160 te
916 3095 1050 3176 excepit,

183 3183 231 3244 13.
253 3177 429 3244 Lucernam
445 3196 541 3244 mauu
556 3179 720 3247 ardentem
735 3179 887 3246 invenisti
901 3185 1071 3246 tenentem.

183 3265 230 3326 14.
253 3263 322 3329 Iam
337 3267 394 3328 tua
408 3263 680 3344 31111111111111Ἰ
703 3265 807 3345 „iuge
827 3261 935 3346 ielir‚“
954 3263 1051 3329 hodie
1064 3261 1197 3340 audivit,
1223 3277 1295 3326 curn
1316 3259 1486 3342 pecuniam

329 3364 400 3412 cum
416 3345 503 3411 lucro
518 3347 587 3428 tibi,
603 3367 667 3428 rer,
687 3347 839 3414 restituit.
1432 3426 1439 3439 ι

182 3433 230 3493 15.
253 3429 346 3495 Nunc
368 3429 483 3496 candet
507 3431 592 3496 inter
616 3432 685 3499 lilia
707 3449 825 3498 ornans
850 3429 1052 3498 sacerdotum
1078 3430 1223 3513 agmina,
1248 3429 1332 3494 inter
1354 3443 1487 3492 nomrna

329 3515 474 3596 angelica
488 3515 603 3582 iubilat
617 3515 756 3582 alleluia.

174 3601 231 3662 16.
253 3597 346 3664 Hunc
360 3599 453 3665 nobis
467 3598 545 3665 siste
559 3597 727 3681 fautorem,
742 3605 776 3666 tc
790 3599 929 3683 petimus
945 3605 1118 3665 auctorem.

252 3721 277 3762 a.
297 3704 390 3761 Taut.
427 3707 879 3780 Μ111Ν1.938(9,912)111.·
905 3707 982 3762 einer
1009 3705 1210 3762 Petersbduscr
1237 3703 1291 3760 Hs.
1315 3719 1353 3758 aa
1370 3700 1486 3756 Heidel-

181 3776 689 3904 1119Μ19.11111.Β17.1111111
706 3779 895 3836 Mucikaotea.
933 3809 967 3820 -
1004 3778 1104 3834 Daniel
1123 3777 1157 3846 V,
1176 3779 1229 3833 299
1255 3775 1306 3832 loct
1332 3775 1387 3829 dea
1412 3771 1485 3828 Tcat

181 3864 234 3904 oua
282 3865 343 3904 one.

252 3939 278 3994 b.
296 3936 454 3994 Bamert.
493 3936 581 3993 Ueder
600 3938 652 3994 doe
670 3937 871 4012 Rbptlrma'sclre
889 3944 939 3995 etc.
958 3939 1068 4009 spricbt
1085 3937 1206 3994 Bartsch
1223 3934 1483 3993 1213941107.

736 4083 935 4092 ο--α-ῌ-

479 4166 550 4228 186.
593 4161 646 4229 De
667 4183 693 4229 a.
719 4163 855 4248 Georpio
876 4163 977 4230 milite
998 4168 1027 4228 et
1045 4165 1191 4245 martyre.

182 4267 256 4335 (Aua
275 4265 494 4338 supportasses,
523 4277 582 4328 trat
600 4274 670 4328 1111
688 4273 752 4330 1111
764 4273 839 4344 joop
856 4274 889 4328 io
907 4273 952 4328 die
971 4269 1184 4342 Kriepsda‘enste
1203 4270 1250 4326 des
1270 4267 1391 4342 Kaisesa
1411 4266 1483 4322 Dio·

285 4339 401 4408 loleta'an,
421 4343 518 4398 warde
535 4343 700 4414 malaopera
718 4361 765 4402 om
782 4349 826 4400 23.
845 4344 933 4416 April
950 4346 1012 4411 303,
1031 4341 1141 4397 ucrebrt
1160 4359 1205 4396 am
1223 4345 1267 4396 23.
1287 4341 1395 4412 April.)

187 4449 214 4508 1.
241 4442 323 4508 Veni
337 4445 553 4526 potentissimi
914 4445 1054 4512 Militum
1069 4445 1134 4512 dux
1148 4446 1278 4528 optime,

243 4525 337 4592 Miles
352 4533 386 4594 11
400 4525 568 4595 tortissimi
914 4529 1256 4611 Victorinvictissime,

243 4611 593 4696 Regisflosmilitiae:
914 4613 1050 4697 Respice
1064 4631 1123 4680 nos
1137 4613 1243 4680 hodic.
