3240 5224
685 231 914 300 ...agg-

544 421 615 486 482.
658 417 710 485 De
730 421 867 502 quatuor
887 413 1070 483 umerus.

157 557 184 616 l.
211 549 321 618 Sancti
336 551 406 617 uisu
421 550 599 618 columbino
828 554 858 616 4.
885 549 932 616 Ut
944 549 1055 616 Helles
1071 547 1150 616 nulli
1164 565 1306 633 peruene,

209 633 253 700 Et
268 653 401 702 escensu
415 635 555 718 aquilino
885 633 952 715 Vir,
967 633 1125 714 umbrosi,
1141 651 1275 716 mugnus
1289 650 1401 701 emens

211 719 265 797 Te,
280 718 416 800 Christe,
432 719 488 784 lux
501 719 637 785 adeunt:
885 717 1052 786 Obvieudo
1070 717 1205 797 crimini,

210 803 254 868 Hi
268 802 442 884 prudentes
457 810 533 870 eunt
547 803 690 886 aurigae,
884 802 1365 882 luluneuuuetumtetestutur,

212 887 332 953 Currus
346 887 406 953 Dei
421 891 455 953 et
468 887 647 969 quadrigae
883 887 973 952 Idem
987 887 1260 954 monstreusdnm
1276 887 1435 954 clametur

211 971 343 1038 Plebem
358 969 476 1037 Christi
491 971 682 1038 subvehunt.
884 971 1047 1054 Torqueue
1061 971 1171 1037 hostes
1185 971 1306 1037 lumini.

156 1059 185 1119 2.
212 1057 329 1136 Magne
343 1059 436 1137 peter
449 1054 640 1137 Augustino,
828 1057 858 1117 5.
884 1054 1025 1137 culpans
1040 1057 1152 1140 culpas
1167 1055 1243 1120 dum
1258 1052 1391 1136 fugeris,

210 1139 598 1221 Legisumetordiviuue,
885 1139 1325 1222 Autrupetisneeturberiu,

211 1223 281 1289 Lux
296 1221 420 1305 fulgens
434 1222 608 1304 Ecclesiae,
884 1225 1004 1291 Ductor
1018 1223 1229 1306 Hieronyme3

211 1308 319 1390 Fuges
334 1308 443 1374 hostes
458 1325 539 1391 quos
554 1313 588 1374 et
601 1307 685 1384 feris,
885 1307 1340 1387 Carnemdemeuieiunendu,

213 1392 345 1459 Mittens
360 1392 427 1458 telu
440 1410 498 1474 per
512 1409 595 1474 quae
611 1391 690 1458 terie
886 1392 1003 1459 Studes
1019 1393 1121 1474 legem
1136 1391 1338 1474 declarando,

213 1475 362 1542 Inimicus
377 1477 512 1558 gratiae.
885 1477 1100 1559 Interpretum
1115 1477 1262 1542 menime.

158 1561 188 1622 3.
213 1560 298 1627 Areu
311 1559 402 1642 legis,
418 1579 474 1626 vas
488 1560 652 1643 pigmenti,
830 1557 860 1618 6.
885 1561 928 1626 Hi
942 1562 1092 1626 lucernae
1106 1561 1149 1628 etl
1165 1559 1344 1636 lucendum,

214 1644 333 1712 Contra
347 1645 475 1711 morbos
490 1662 546 1711 vae
561 1643 728 1726 unguenti,
885 1644 997 1711 Nubes
1012 1645 1065 1710 isti
1081 1645 1122 1710 ed
1136 1644 1335 1711 fundendum

214 1727 358 1810 Gregori,
374 1745 409 1796 oe
423 1745 566 1809 aureum,
886 1729 1195 1796 Nuuuroreuruunc
1213 1729 1371 1814 pluviam:

214 1811 373 1880 BotrueO
417 1813 721 1896 rigerenemerum,
887 1811 940 1880 Sic
954 1831 1011 1897 per
1025 1811 1121 1879 fidem
1135 1831 1193 1880 uos
1207 1812 1394 1897 perducent,

214 1897 284 1974 Quo
300 1916 363 1980 geu
386 1898 584 1964 inminentis
600 1913 719 1977 verum,
886 1897 953 1964 Noe
967 1899 1161 1982 praecedant
1175 1902 1209 1964 et
1221 1897 1376 1964 inducunt

216 1981 260 2048 Oe
277 1980 586 2048 diffimdeneoleum.
886 1981 1068 2049 Inbeutum
1083 1981 1234 2049 Patrium.
1265 1983 1378 2049 Amen.

227 2107 252 2148 n.
272 2089 365 2146 Teet.
403 2091 492 2148 Neule
510 2107 536 2162 p.
555 2094 617 2146 217.
637 2105 652 2147 e
670 2089 747 2148 Mine.
767 2088 920 2146 Leotlienei.
931 2092 1011 2146 1513.
1030 2120 1065 2132 -
1092 2091 1194 2148 Daniel
1211 2091 1245 2164 V,
1264 2093 1317 2149 342
1335 2091 1386 2148 tut
1405 2091 1462 2147 deu

155 2162 228 2218 Text
245 2179 298 2218 aue
316 2162 414 2220 Neele.

226 2250 253 2306 b.
271 2247 454 2306 Lesurteu.
492 2253 519 2320 5,
537 2253 563 2306 3.
583 2248 668 2307 Omiel
687 2250 749 2319 uir,
768 2249 842 2319 quud
860 2249 932 2306 liber
950 2251 1044 2308 hebet.
1062 2250 1160 2308 Neele.

542 2545 614 2609 483.
657 2539 710 2608 De
729 2540 906 2609 doctoribus
926 2541 1077 2608 ecclesiae.

161 2681 188 2742 1.
216 2677 310 2745 Alme
324 2683 428 2746 meter
443 2677 576 2745 ecclesie
833 2681 863 2743 3.
888 2678 1089 2760 Augustinus
1104 2677 1299 2744 haereticam

214 2762 320 2846 Digne
335 2763 413 2829 colit
426 2761 581 2844 solennia,
888 2761 1008 2828 Lebem
1016 2780 1081 2912 (Ber
1094 2767 1197 2830 artem
1212 2761 1363 2858 coelicum

213 2849 335 2914 Ductor
349 2847 431 2913 lucie
445 2846 585 2929 getiae:
889 2845 1014 2912 Goulun
1040 2847 1064 2913 't
1078 2863 1141 2912 nen
1156 2845 1346 2927 sophistice:

216 2930 383 3008 Quiverbi
401 2929 595 3012 refulgentia
889 2929 1103 3014 Hieronymus
1117 2931 1301 2997 hebraicum

214 3015 259 3082 Et
273 3014 352 3081 coeli
368 3013 538 3081 luminaria
891 3015 1070 3081 Veritatem
1085 3014 1269 3080 historicam

213 3099 342 3182 Fugent
355 3100 503 3166 umbram
517 3097 680 3182 perfidiae
889 3099 1038 3165 Elucidet
1053 3098 1217 3165 catholice.

159 3185 187 3244 2.
215 3184 348 3250 Sacrum
364 3182 481 3266 dogma
496 3181 645 3265 Gregorii
833 3183 861 3242 4.
887 3183 1011 3250 Horum
1026 3200 1102 3265 ergo
1118 3183 1236 3264 dogne
1253 3183 1375 3248 rectum

213 3267 311 3334 Melle
327 3267 428 3334 duleis
443 3267 493 3334 elo
516 3269 561 3333 nii
887 3265 949 3333 Est
962 3267 1023 3333 iter
1039 3267 1119 3334 coeli
1134 3267 1290 3333 directum

214 3285 593 3449 eordeuevotare‘icnf·
889 3351 1293 3434 Sinuquocunquedeviu:

214 3436 419 3504 Rhetoricem
432 3436 595 3502 Ambrusn
889 3435 1266 3503 Hunccoetumuureum
1280 3436 1422 3501 ereetum

213 3521 306 3587 Mene
322 3520 446 3602 sagacis
459 3519 580 3602 ingenii
889 3520 999 3588 Faciat
1011 3520 1081 3587 Deo
1096 3521 1247 3586 dilectum

214 3604 281 3671 Sub
296 3604 384 3672 brevi
398 3606 497 3672 verbo
513 3603 674 3688 perspicit.
889 3603 1242 3688 lpuommdeprecetie.
1271 3601 1384 3667 Amen.

229 3712 325 3770 Text.
360 3713 440 3770 Mine.
458 3711 537 3769 fratr.
557 3712 647 3767 Puriu.
667 3711 744 3767 1520.

710 3889 904 3902 -n—t-u

491 4031 563 4094 484.
605 4025 659 4093 De
679 4047 705 4093 e.
727 4027 861 4096 Aebutio
882 4033 911 4094 et
931 4027 1024 4094 sortis
1045 4024 1123 4092 eius.

324 4143 422 4214 (Stare
441 4144 486 4201 ule
504 4141 652 4217 Martyron
669 4143 710 4199 im
726 4141 755 4199 J,
774 4146 837 4214 303,
856 4143 930 4200 wr'rd
947 4157 994 4198 am
1010 4145 1054 4197 22.
1073 4140 1145 4197 June*
1161 4141 1295 4211 ueretrt.)

160 4271 187 4332 1.
212 4265 395 4332 Laudemus
411 4264 574 4332 domiuum
889 4263 976 4342 Quos
990 4263 1024 4328 in
1038 4261 1192 4345 patibulis

213 4349 348 4416 Devotie
363 4349 525 4428 cordibus,
888 4347 1005 4416 Tortor
1019 4347 1171 4414 atrociter

214 4431 276 4511 Qui
289 4432 593 4500 menteehominum
887 4431 1034 4499 Auernis
1049 4429 1183 4497 vinculis

214 4515 405 4584 Sanctorum
418 4517 576 4584 mortibus
887 4517 956 4583 Rex
975 4513 1160 4582 sublimavit

214 4601 365 4670 ffluetreu
379 4601 484 4684 hodie,
889 4597 1250 4684 Adthrunumgloriee.
