3190 5226
535 233 871 328 ‘-4r-

123 445 149 506 2.
171 439 383 522 Nominatum,
398 441 589 520 invocatum,
785 448 814 508 3.
840 441 959 510 Hostes
973 439 1058 523 ierit,
1078 445 1203 510 mentes
1218 443 1313 526 gerit,

172 524 378 606 Honoratum,
392 525 611 608 praedicatum
840 527 972 592 Plenum
987 531 1037 592 est
1050 527 1237 610 praesidiis:

172 609 301 692 Semper
315 615 411 676 sonat
425 610 577 676 dulciter:
839 610 906 676 Nos
921 608 1074 692 defendit,
1091 629 1148 677 noe
1163 613 1317 692 accendit,

170 693 739 776 Nempeoeetumquomquereetum
838 695 905 761 Noe
918 695 1058 762 intendit
1072 703 1106 762 et
1120 697 1265 764 extendit

171 776 401 859 condonatum,
416 785 628 862 expurgatum
841 779 911 846 Hoc
925 797 1041 846 nomen
1054 779 1087 846 in
1102 779 1238 864 gaudiis.

170 861 286 928 Reddit
300 864 442 930 mulcens
457 863 581 930 leniter.

183 967 277 1026 Text.
313 971 393 1028 Mirr.
411 971 554 1044 Herbipol.
575 973 662 1043 1533,
681 974 713 1028 io
731 972 781 1028 dor
800 971 914 1030 Protin.
932 973 1094 1030 Bittiottek
1112 991 1150 1030 ru
1167 971 1307 1030 Munrter.

562 1250 612 1312 35.
654 1244 709 1312 De
728 1246 854 1313 nomine
875 1243 960 1312 Iesu.

119 1385 141 1444 1.
165 1378 279 1446 Laude
295 1377 372 1446 Sion
388 1379 557 1446 salvatoris
787 1387 815 1449 5.
841 1381 946 1448 Huius
960 1379 1096 1448 nominis
1111 1379 1231 1446 virtute

164 1464 237 1530 Iesu
251 1481 371 1529 nomen
386 1470 419 1529 et
433 1465 552 1530 amoris
842 1467 1061 1550 Superborum
1075 1469 1150 1531 sunt
1165 1462 1347 1528 destructae

165 1547 246 1613 Toto
261 1548 369 1612 cordis
383 1547 499 1614 iubilo:
841 1549 1040 1616 Duemonum
1055 1547 1233 1648 potentiae:

163 1631 292 1697 Nomen
305 1637 642 1701 nunctumnosamore
841 1632 1213 1701 Simuiaohrordolorum

164 1715 266 1782 Decet
282 1733 409 1798 semper
423 1722 456 1782 et
468 1717 600 1784 leudone
841 1717 923 1784 Sunt
939 1736 1061 1796 everen,
1077 1731 1288 1800 supernorum

163 1799 297 1882 Absque
311 1797 427 1866 mentis
441 1799 560 1868 nubilo.
840 1801 1170 1870 Pteotueviolentiee.

786 1894 814 1956 6.
841 1885 916 1952 Iesu
930 1903 1043 1952 nomen
1057 1881 1229 1966 figuratum

115 1972 140 2032 2.
163 1967 236 2034 Iesu
252 1985 373 2034 nomen
386 1969 556 2050 potestatis
840 1969 1055 2037 Vehementer
1072 1969 1289 2050 exspectatum

162 2055 269 2134 Atque
284 2057 435 2119 aetemee
450 2055 638 2138 maiestatis,
839 2053 972 2122 Petrum
987 2052 1161 2120 desiderio:
1194 2134 1201 2148 ·

162 2136 288 2202 Summi
303 2136 409 2204 Putris
425 2137 606 2204 brachium:
839 2139 1028 2206 Revelntum
1042 2137 1135 2206 nobie
1149 2132 1278 2217 qudem

163 2221 278 2288 enetos
295 2219 379 2303 feeit,
396 2227 502 2288 terroe
516 2223 632 2289 molem
838 2223 937 2290 Dedit
951 2241 1049 2307 spem,
1064 2237 1215 2294 umorem,
1233 2217 1329 2284 tidem

161 2305 597 2388 Ieennomenetqueeotem
838 2309 979 2375 Maximo
993 2306 1156 2390 mysterio.

162 2389 538 2471 Eteoeleetegnndium.
784 2395 812 2460 7.
839 2393 963 2458 Nomen
978 2409 1054 2473 ergo
1069 2391 1130 2456 hoo
1144 2385 1314 2455 emendum

838 2477 919 2542 Toto
935 2475 1031 2542 corde
1047 2481 1080 2541 et
1095 2473 1294 2541 odorandum

116 2560 140 2620 3.
162 2557 362 2640 Angelorum
376 2557 613 2639 ingensooetus
838 2561 932 2628 Omni
945 2557 1141 2626 reverentie:

161 2642 448 2725 Protopleetesque
463 2643 624 2725 perfectus
838 2645 876 2712 In
891 2644 1036 2710 adversis
1051 2661 1165 2710 nomen
1183 2644 1327 2706 sunctum

162 2726 237 2792 Fuit
250 2728 330 2793 Iesu
346 2727 489 2791 nomine:
839 2729 1018 2804 invocetur,
1034 2728 1109 2793 Iesu
1123 2729 1249 2791 tontum

163 2807 208 2875 Ut
221 2828 383 2893 aquarum
396 2811 505 2892 magni
519 2809 625 2878 fontes
838 2812 952 2879 Aderit
967 2811 1158 2896 praesentio.

163 2893 243 2962 Sunt
257 2894 395 2960 immissi
410 2912 509 2976 super
522 2901 647 2963 montes
783 2905 812 2966 8.
838 2895 1024 2962 Praesentia
1038 2891 1177 2961 Deitatis

163 2979 251 3045 Iusto
267 2979 513 3045 rerumordine.
840 2981 999 3048 Ettotiue
1017 2979 1170 3047 bonitatis

840 3065 951 3132 Dulcis
965 3065 1055 3132 Iesus
1071 3063 1191 3130 ederit:

115 3149 140 3209 4.
162 3145 199 3212 In
213 3147 366 3229 Aegypto
383 3143 460 3212 fecit
474 3147 567 3230 signa
838 3149 943 3232 Fuget
956 3149 1086 3214 morbos
1101 3153 1135 3212 et
1152 3146 1270 3211 livores

162 3231 235 3298 Iesu
249 3249 379 3310 nomen,
394 3234 427 3295 et
440 3231 582 3313 maligno
841 3231 904 3298 Sed
920 3239 953 3300 et
967 3232 1064 3299 omini
1079 3231 1261 3312 languores,

163 3314 312 3382 Perdidit
325 3313 486 3398 prodigio:
839 3315 1150 3384 Iesusobivenerit.

163 3398 270 3465 Soisso
285 3399 402 3481 pelago
418 3399 597 3466 transvexit
784 3407 814 3467 9.
839 3401 920 3467 Veni
935 3401 1008 3466 Iesu
1023 3417 1138 3466 nomen
1154 3393 1257 3474 dulce,

162 3482 313 3550 Israelem
329 3489 363 3547 et
377 3483 530 3549 demersit
840 3485 883 3550 Et
898 3492 930 3550 te
945 3483 1033 3550 oordi
1047 3487 1158 3548 nostro
1173 3497 1256 3563 pone
1316 3561 1322 3574 ¹

163 3566 317 3634 Hostium
329 3567 477 3649 insignia.
839 3569 955 3634 Nobile
968 3567 1177 3649 signaculum.
1207 3559 1355 3628 Alleluro.

178 3691 202 3730 u
221 3675 316 3732 Text.
353 3675 499 3746 Proprium
526 3677 659 3736 (tundente
686 3677 780 3734 Embe.
802 3681 879 3736 1646.
904 3695 931 3748 p.
950 3680 1011 3734 ulo.
1048 3675 1169 3732 Doroor
1193 3673 1245 3729 tot
1263 3668 1301 3724 Η.
1320 3665 1412 3725 Morel

114 3745 165 3800 onir
182 3747 225 3804 dte
243 3748 372 3818 Sequana
390 3747 611 3820 obowotrr'eden.

178 3835 204 3891 b.
221 3835 407 3894 Leoorten.
443 3839 469 3908 5,
488 3841 513 3892 3.
533 3835 576 3894 Ee
593 3839 633 3894 tot
649 3837 705 3893 root
723 3837 832 3893 dirutae
849 3855 888 3896 ro
905 3839 986 3894 roeo.

470 4083 520 4145 eo.
564 4079 607 4145 ro
631 4079 751 4149 onero
772 4079 1062 4165 transmonte.
1187 4039 1190 4046 ’

137 4213 161 4274 1.
177 4209 283 4279 Adest
296 4213 364 4280 dies
378 4213 524 4295 celebrie
802 4219 831 4282 3.
850 4211 1165 4280 Menteeutolliciet

179 4293 249 4371 Quo
264 4303 394 4380 pacatus
411 4299 536 4365 miseris
849 4298 996 4365 Infirmas
1011 4303 1043 4364 ot
1056 4295 1213 4381 provehet

178 4378 527 4450 Deuedemonstrotur.
848 4381 886 4448 In
901 4401 1074 4465 supernum
1089 4385 1218 4447 statum.

134 4464 162 4526 2.
179 4461 259 4530 Eius
273 4467 470 4548 unigenitum
800 4471 830 4538 4.
850 4465 915 4534 Ubi
929 4485 1013 4532 nexu
1027 4465 1121 4532 liberi

179 4545 305 4616 Profert
316 4570 390 4618 nom
405 4552 438 4618 in
453 4550 602 4635 medium,
848 4549 973 4632 Mortis,
988 4549 1065 4617 facti
1079 4547 1187 4626 lucidi,

179 4630 266 4697 Luce
279 4635 548 4703 transformatum.
847 4634 1158 4718 Senotigloriontur.
