3186 5254
718 293 947 358 -480-

633 477 704 538 712.
747 473 798 541 De
819 495 844 540 s.
866 474 1032 559 stephano.

556 591 673 660 (Auctor
691 593 800 649 Nother
818 594 952 654 Balbulus
970 597 1107 666 habetur.)

254 703 351 771 Festa
365 705 530 790 Stephani,
545 715 791 797 protomartyris
806 714 934 797 Christi,

255 787 372 886 Sancta
387 811 444 874 per
459 796 566 861 orbem
581 797 714 864 ecclesia
728 805 909 880 veneratur,

254 873 394 956 Eiusque
410 879 510 944 sacris
524 880 557 946 in
572 881 721 949 laudibus
736 882 832 949 hodie
846 885 1038 966 gratulatur,

256 957 352 1036 Ordo,
368 975 461 1040 quem
477 980 566 1029 sacer·
580 967 774 1048 apostolicus

204 1049 231 1106 5.
256 1039 519 1138 Christilevitam
534 1051 657 1116 censuit
671 1049 749 1132 iore,

254 1121 300 1188 Ut
316 1145 389 1206 agnr
404 1133 569 1212 sanguinis
585 1135 773 1218 propinator
787 1133 888 1216 fieret,

253 1207 464 1310 Imponetquc
480 1235 602 1298 manus,
618 1223 707 1302 aptet
722 1227 755 1286 et
769 1219 936 1286 altaribus.

252 1292 313 1357 llic
328 1313 428 1394 signis
445 1304 551 1383 coepit
565 1303 738 1384 pollescerc
750 1305 882 1384 crebris,

254 1377 320 1474 lam
332 1385 454 1476 ,virtute
470 1389 503 1450 et
517 1389 623 1468 gratia
636 1387 751 1469 plenus
767 1389 883 1456 divina.

183 1464 230 1524 10.
254 1459 315 1556 Hic
329 1483 361 1561 nn
376 1471 547 1552 synagogis
563 1470 706 1554 disputat
721 1475 831 1538 sancto
847 1479 1018 1554 pneumate
1032 1472 1142 1540 frctus.

254 1543 371 1643 biteris
387 1550 507 1630 legales
522 1553 631 1620 docuit
645 1561 775 1621 cunctos
789 1555 951 1622 Christum
963 1575 1085 1623 sonare.

253 1627 339 1695 Cocli
355 1653 410 1715 per
424 1635 537 1703 ianuas
554 1637 633 1705 vidit
648 1639 690 1706 ad
705 1638 867 1705 dexteram
882 1640 985 1722 patris

253 1713 360 1780 Iesum
376 1721 521 1800 stantem,
538 1741 572 1788 se
588 1725 855 1803 corroborantem,

254 1796 354 1874 Quem
370 1801 458 1882 plebs
473 1807 633 1886 lapidibus
648 1809 822 1890 prosternit
832 1808 930 1891 impia

182 1887 229 1944 15.
253 1881 315 1985 l{ro
332 1903 366 1949 se
381 1884 471 1954 flexis
489 1889 652 1956 Christum
666 1892 802 1974 genibus
817 1897 970 1958 orantem.

254 1965 408 2066 hnemplo
424 1973 542 2039 domini
558 1977 722 2042 morientis
737 1977 770 2042 in
785 1993 879 2042 cruce

252 2049 314 2116 Pro
331 2052 547 2134 lapidantibus
562 2060 734 2126 intercedis
749 2059 923 2142 Stephane!

253 2133 322 2232 lam
338 2140 439 2204 nostri
455 2143 561 2222 potius
575 2143 727 2209 miserere
743 2145 900 2226 precibus,

253 2217 314 2292 Qun
326 2221 393 2315 tuis
408 2223 556 2292 laridibus
572 2227 725 2294 interesse
740 2228 894 2311 cupimus,

180 2305 229 2365 20.
257 2300 368 2366 Levita
384 2305 501 2373 Christi
518 2309 687 2390 praecelse.

252 2415 346 2470 Text.
383 2416 473 2472 Morel
492 2417 544 2472 No.
555 2419 616 2472 538.
635 2415 662 2471 S.
673 2421 727 2472 308
745 2433 813 2474 cus:
830 2417 883 2474 Hs.
894 2417 1072 2474 scilicinae
1087 2417 1140 2472 No.
1152 2421 1211 2474 lca.
1230 2417 1258 2474 S.
1268 2421 1312 2475 68.
1325 2421 1368 2474 11.
1378 2419 1484 2476 Jahrb.

184 2515 213 2526 -
253 2486 331 2542 Steti
359 2489 431 2543 auch
459 2490 496 2542 im
525 2489 590 2544 Cod.
610 2489 637 2544 S.
656 2489 727 2545 Gall.
746 2489 797 2546 No.
816 2493 869 2546 546
888 2489 1045 2561 (Brander),
1068 2505 1183 2546 moruus
1201 2489 1303 2547 Daniel
1320 2489 1355 2562 V,
1374 2496 1409 2550 42
1428 2492 1484 2548 dm

178 2557 296 2630 ,inscup
314 2560 441 2629 anfdbrt.

628 2974 698 3040 713.
740 2969 792 3037 De
812 2989 838 3036 a.
857 2968 1026 3053 Stephano.

537 3087 654 3156 (Auctor
681 3087 790 3144 Notker
816 3087 952 3144 Balbulns
979 3087 1117 3158 habetur.)

199 3217 227 3276 1.
251 3208 471 3290 Protomartyr
486 3208 613 3276 Domini
629 3207 789 3292 Stephane
807 3227 866 3276 nos
889 3211 961 3294 pins
981 3209 1067 3289 audi,
1094 3208 1228 3275 colimus
1243 3205 1328 3274 leste
1340 3212 1399 3275 tua
1414 3209 1479 3275 sin·
1579 3247 1580 3260 ,

327 3311 400 3359 cero
415 3293 467 3374 qui
482 3299 613 3374 pectore
628 3301 661 3359 et
674 3293 770 3360 fideli.
976 3359 979 3367 ,
1579 3323 1580 3332 1

198 3384 226 3444 2.
250 3377 311 3454 Qui
326 3377 412 3443 linea
426 3377 579 3445 extiteras
594 3378 749 3460 martyrii,
776 3378 936 3444 sustinens
957 3376 1168 3459 lapidantium
1190 3376 1344 3442 immanes
1358 3380 1393 3443 et
1405 3394 1479 3460 per·
1579 3415 1580 3418 =

327 3463 526 3544 sequentium
542 3461 677 3528 furores.
1579 3449 1580 3534 Ῐ

198 3553 227 3612 3.
249 3545 484 3627 Persequentes
500 3545 617 3626 diligis,
633 3546 758 3611 veniam
774 3564 869 3628 rogas
879 3545 996 3627 impiis,
1011 3543 1212 3627 ignorantiae
1223 3543 1303 3610 illud
1315 3543 1477 3626 delictum,

326 3647 389 3694 non
404 3627 535 3694 facinori
552 3629 717 3696 adscribis.

198 3718 227 3778 4.
251 3712 278 3779 0
300 3713 436 3796 insignis
459 3715 572 3796 pietas,
596 3731 677 3794 quae
698 3730 828 3795 precum
846 3709 940 3778 offert
959 3713 1094 3794 hostius,
1117 3712 1320 3778 reminiscens
1341 3711 1476 3796 exempli

327 3797 411 3878 quod
425 3796 507 3862 fixus
523 3797 666 3863 exhibuit
680 3797 766 3862 Deus
782 3796 878 3875 cruci,

199 3885 227 3946 5.
249 3881 356 3963 Pater,
372 3882 528 3963 inquiens,
541 3880 666 3946 dimitte
677 3881 741 3947 illis
751 3879 924 3946 nefandum
935 3879 1040 3946 scelus
1052 3879 1192 3946 criminis
1206 3879 1277 3960 hoc,
1292 3879 1476 3961 quianesci·

326 3970 384 4031 unt
399 3983 469 4032 esse
483 3963 646 4031 haeresint
1428 4035 1430 4040 ι

198 4055 227 4116 6.
250 4050 301 4117 lta
323 4049 504 4132 Stephanus
524 4050 681 4114 miserens
703 4054 807 4131 rogat,
829 4049 938 4114 hostes
961 4065 1019 4130 pro
1040 4048 1141 4114 imbre
1164 4047 1306 4131 lapidum
1327 4051 1474 4114 cruentos

325 4134 439 4198 merita
455 4133 522 4216 (ne)
539 4151 642 4216 poena
653 4134 775 4214 puniat.

198 4221 226 4281 7.
249 4217 384 4282 Domine
409 4215 502 4296 Iesu,
539 4216 668 4282 absolve
696 4215 807 4282 horum
840 4215 948 4281 ‹hcens
973 4214 1154 4282 carnificum
1179 4215 1274 4284 huius
1298 4233 1401 4283 noxae
1424 4234 1474 4282 me

325 4306 455 4382 petente
471 4301 624 4367 debitum.
1301 4303 1306 4316 '

196 4391 226 4452 8.
250 4384 320 4451 Hae
335 4403 447 4468 preces
461 4384 597 4449 Paulum
612 4390 846 4468 persecutorem
867 4384 961 4450 nobis
983 4381 1154 4450 effecerunt
1175 4383 1264 4467 pium
1280 4388 1376 4467 atque
1391 4385 1474 4450 omni

325 4473 469 4552 tempore
484 4469 648 4536 celebrem.

196 4557 225 4619 9.
250 4554 302 4621 Sic
316 4553 465 4636 precibus
479 4570 537 4620 nos
552 4553 628 4633 tuis,
653 4552 823 4635 Stephane,
845 4552 979 4620 adiuves
999 4551 1160 4635 prosperis
1183 4568 1253 4617 cum
1274 4568 1362 4633 rege,
1385 4549 1473 4618 cuius

324 4635 428 4703 vexilli
444 4637 574 4721 gerulus
589 4641 718 4720 poteras
733 4635 871 4702 hostium
889 4638 1046 4705 iacturam
1061 4635 1166 4704 audax
1182 4633 1324 4716 sufferre,
