3240 5224
665 235 894 306 -sal-

211 423 336 488 olorum
349 421 472 490 intrent
485 421 606 503 limine,
864 419 920 502 qui
935 417 1001 499 tul,
1016 419 1155 502 praesul,
1170 417 1320 487 sistentes

189 443 334 584 &nonam
349 507 472 572 intrent
485 507 608 589 palatia
865 505 925 570 hac
939 503 971 570 in
987 503 1061 570 aula
1074 501 1246 570 iubilemus

189 595 311 656 stantes
327 607 486 674 supreme,
864 587 987 670 ingenti
1004 605 1074 654 cnm
1089 587 1224 654 laetitia.

188 675 265 742 laeti
280 673 490 756 gratulemur,
808 677 838 738 8.
857 671 1047 738 hennenses
1062 670 1167 738 dulcia

189 757 299 840 adepti
313 759 461 842 polorum
475 776 585 841 regna,
864 757 1113 839 nunccelseque
1129 755 1268 822 alleluia.

150 944 166 994 1
195 865 339 995 filim
376 863 958 948 MoneNo.'sro(s,aoc)a1o.-Ho.sa
977 863 1127 934 Mamaea,
1147 864 1216 922 Glrn.
1231 867 1325 921 11004.
1345 865 1434 920 tlte.

131 944 148 996 1
169 981 176 994 ·
204 1027 230 1082 b.
249 1026 433 1082 Losorion.
471 1030 496 1098 3,
515 1028 540 1082 6.
560 1025 644 1082 rerba
661 1023 715 1080 Ho.
735 1053 770 1066 -
789 1027 815 1094 5,
833 1029 859 1082 8.
878 1025 963 1082 uitam
982 1023 1034 1081 Hc.
1047 1051 1082 1064 -
1101 1025 1127 1090 0,
1146 1026 1171 1078 7.
1190 1020 1435 1094 ramponem.-

133 1101 160 1166 7,
179 1096 336 1224 Zfoffnto
355 1096 408 1154 Hs.
443 1128 477 1140 -
509 1095 694 1168 7,11.rogni
711 1095 764 1152 Hs.
797 1125 832 1138 -
867 1099 893 1166 7,
914 1099 955 1154 13.
973 1097 1003 1151 in
1016 1095 1091 1166 fehlt
1109 1093 1162 1150 Bo.
1199 1125 1234 1136 -
1269 1098 1295 1164 8,
1317 1091 1435 1150 nltou·

132 1185 187 1224 non
217 1183 231 1224 o
280 1185 302 1225 o.

204 1272 227 1312 c.
245 1255 401 1310 Bomorlc.
441 1255 528 1312 Uohor
547 1257 600 1312 una
619 1253 820 1330 Rogihaaiocho
838 1259 888 1311 otc.
906 1255 1016 1326 spricht
1033 1255 1152 1312 Bartsch
1170 1254 1198 1310 S.
1217 1257 1260 1310 19.
1279 1256 1323 1308 26.
1338 1255 1435 1308 67.84.

132 1331 177 1383 88.
196 1331 240 1384 97.
259 1329 320 1383 133.
339 1331 401 1384 134.
424 1330 485 1382 136.

688 1467 887 1476 -ῃ--υ-

575 1595 646 1658 504.
689 1589 743 1658 Do
763 1611 789 1658 s.
810 1589 1001 1674 Augustino.

137 1737 165 1796 1.
184 1731 288 1798 Huius
303 1731 366 1798 diei
381 1731 500 1812 gaudia
865 1731 988 1798 Aurum
1004 1730 1072 1798 eius
1085 1729 1147 1797 luit
1160 1729 1317 1814 sapientia

192 1817 319 1882 devotio
335 1815 497 1880 hotholica
865 1815 909 1882 Et
922 1821 1091 1898 argentum
1106 1815 1175 1882 eins
1189 1815 1382 1897 eloquentia,
1473 1881 1478 1890 ,

191 1917 268 1968 voce
283 1899 421 1966 resultet
435 1897 621 1983 euphonica,
866 1899 1032 1983 Aegyptus
1053 1899 1227 1982 gentilitas,
1250 1917 1338 1966 mare
1358 1901 1437 1982 hap·

193 1981 451 2062 Quolidelisille
907 1985 1032 2050 tiernus.

191 2069 332 2151 prudens
346 2067 546 2152 dispensator
811 2070 840 2130 4.
866 2067 910 2134 Et
923 2073 997 2150 post
1011 2067 1109 2134 maris
1122 2067 1214 2135 rubri
1228 2067 1402 2134 transitum

191 2153 391 2235 Augustinus
407 2151 448 2218 acl
464 2151 543 2216 coeli
867 2151 1018 2252 tricipitis
1033 2151 1163 2218 Cerberi
1177 2151 1386 2234 multiplicem

191 2237 369 2303 translatus
385 2235 580 2314 esthorrea;
869 2235 1196 2303 dechnavithiatum:

136 2317 165 2380 2.
189 2319 250 2399 Qui
265 2337 381 2404 magno
394 2319 593 2404 redemptam
608 2318 712 2403 pretio
870 2320 1002 2404 Triceps
1018 2318 1397 2404 canisvoluptascarnis,

192 2406 387 2472 constitutus
402 2421 500 2487 supra
530 2403 538 2416 '
611 2439 615 2448 ·
868 2405 1124 2488 concupiscentia
1138 2405 1230 2487 oculi,

193 2488 347 2556 familiam
362 2488 452 2554 dedit
466 2493 608 2571 tempore
869 2489 1002 2556 ambitio
1017 2488 1145 2556 saeculi.

195 2573 502 2640 triticimensuram.
814 2571 843 2633 5.
869 2573 949 2640 Cum
964 2573 1014 2640 his
1028 2571 1209 2639 conflictum

193 2658 287 2724 llunc
318 2655 581 2740 philosophorum
611 2655 765 2740 peritissi·
867 2659 991 2726 hahens
1006 2675 1042 2724 se
1058 2659 1162 2740 ipsum

236 2759 324 2808 mum
868 2741 1068 2825 abnegando,

195 2827 238 2892 Et
280 2824 497 2909 sophistarum
544 2823 767 2906 eloquentissi-
870 2825 1178 2894 eterucemohristi

236 2929 323 2976 mum
869 2911 902 2976 in
917 2911 1069 2978 memhris
1084 2911 1152 2976 suis

195 2994 394 3062 christianae
409 2991 556 3060 veritatis
869 2995 1172 3079 iugiterportando,

196 3079 383 3162 simplicitas
399 3077 616 3156 conclusorst3
814 3073 843 3134 6·
869 3079 927 3145 Vir
942 3095 1033 3146 sacer
1047 3079 1249 3160 Augustinus

195 3163 277 3229 llam
298 3181 371 3228 eum
385 3163 508 3228 mellito
533 3179 678 3228 somnone
694 3177 767 3226 san·
869 3162 1075 3244 migravitab
1091 3163 1304 3244 hocsaeculo,

223 3254 295 3314 ctus
869 3245 1149 3326 vivitinOhristo,
1166 3247 1243 3312 cleri

194 3331 321 3398 Devicit
339 3328 511 3397 salubriter
526 3329 724 3410 Ambrosius,
869 3331 967 3398 decus
982 3335 1016 3396 et
1030 3330 1232 3397 illuminatio.

195 3416 239 3480 Et
253 3414 406 3497 gentilem
419 3413 595 3480 falsitatem
868 3415 1004 3498 thuia

194 3517 285 3566 sacro
300 3498 405 3566 abluit
418 3499 555 3564 lavacro.
869 3500 1101 3583 scripturarum
1115 3496 1223 3564 luerat
1243 3497 1336 3580 plene
1356 3496 1442 3563 scius

138 3575 167 3636 3.
196 3583 222 3650 0
238 3599 334 3666 quem
350 3581 438 3650 clives
451 3582 548 3649 exivit
560 3583 599 3649 de
610 3581 767 3664 Aegypto,
869 3589 956 3650 recte
971 3602 1056 3651 nunc

194 3667 299 3734 Multo
314 3673 449 3735 onustus
463 3683 543 3733 auro
559 3671 593 3732 et
607 3672 740 3748 argento
870 3668 1012 3735 creditur
1025 3665 1178 3734 cherubin
1192 3683 1264 3734 esso
1278 3667 1394 3734 socius.

193 3751 381 3818 Transierat
401 3769 490 3818 mare
508 3752 642 3818 rubrum
655 3751 765 3834 Augu·
815 3757 843 3818 7.
870 3751 897 3818 O
912 3753 1102 3836 Augustino,

236 3835 357 3903 stinus:
869 3837 962 3905 nohis
977 3835 1026 3902 fer
1040 3855 1133 3922 opem
1147 3835 1217 3902 sine
1230 3833 1302 3902 fine.

208 3959 233 4000 a.
252 3943 347 4002 Tomi.
383 3943 468 4000 hlone
486 3943 538 4000 No.
557 3946 611 4000 818
642 3947 666 4014 3,
686 3944 749 4014 207)
778 3960 847 4001 aaa:
873 3945 927 4002 Ha.
946 3962 983 4002 oo
999 3945 1149 4013 manchon,
1176 3945 1245 4003 clm.
1264 3947 1359 4001 17100.
1377 3941 1397 3999 f.
1418 3946 1441 4002 1.

136 4017 180 4070 12.
198 4015 299 4072 latro.
317 4016 370 4072 mit
387 4014 514 4072 Nasamon
533 4016 588 4088 (A).
640 4032 662 4071 a.
681 4031 719 4072 oo
737 4013 828 4072 Grato
846 4017 903 4090 3916.
922 4021 967 4073 12.
984 4016 1086 4074 Jahrb.
1105 4019 1157 4072 mit
1176 4018 1226 4072 dor
1244 4015 1367 4072 Molodio
1389 4015 1442 4087 (Β).

207 4103 234 4158 5.
253 4101 439 4159 Losorion.
477 4107 501 4174 1,
519 4107 545 4159 4.
565 4104 654 4174 Quam
672 4103 704 4159 B.
733 4135 765 4144 -
797 4109 821 4174 1,
841 4105 1020 4176 surptus.
1040 4105 1153 4161 Am-
1180 4107 1207 4172 3,
1227 4107 1252 4160 3.
1271 4105 1300 4160 in
1319 4109 1443 4176 tempore

136 4173 194 4231 AB.
212 4205 248 4216 -
265 4179 291 4244 a,
310 4179 336 4230 8.
355 4175 491 4233 conclusit
504 4176 562 4231 AB.
581 4205 615 4216 -
636 4180 662 4244 3,
682 4179 707 4232 3.
726 4174 868 4232 Transivit
884 4175 942 4232 AB.
963 4206 996 4219 ·-
1015 4179 1041 4247 4,
1060 4179 1086 4232 4.
1105 4176 1151 4232 [lh.
1171 4192 1231 4233 can.
1251 4183 1294 4233 ost
1311 4177 1365 4232 vol.
1384 4175 1441 4232 AB.

137 4276 171 4288 -
191 4249 217 4317 4,
236 4249 262 4304 5.
280 4247 318 4302 Et
336 4261 414 4303 conc.
433 4247 575 4303 ecnlomm
592 4248 631 4303 Et
648 4247 720 4303 emh.
738 4246 841 4303 AB.-
852 4249 878 4318 5,
897 4251 922 4304 2.
942 4247 976 4304 H.
997 4255 1084 4306 semet
1101 4247 1159 4304 AB.
1170 4277 1203 4288 -
1222 4251 1249 4318 0,
1267 4251 1293 4304 0.
1313 4248 1366 4305 luit
1384 4248 1441 4305 AB.

209 4350 233 4390 c.
251 4331 411 4390 Bomorlo.
452 4333 540 4390 Uobor
558 4335 610 4392 duo
627 4333 828 4408 aspramente
846 4339 896 4392 otc.
915 4336 1025 4406 spricht
1042 4335 1161 4396 Bartsch
1179 4335 1207 4392 S.
1217 4339 1260 4393 30.
1272 4339 1316 4394 39.
1326 4339 1369 4394 96.
1380 4337 1441 4390 132.
