3240 5224
673 243 905 309 -259-

167 431 196 490 2.
214 423 312 490 Pater
326 429 418 491 vetus
434 443 550 491 novum
566 429 678 492 notum
889 425 988 492 Ortus
1010 425 1094 492 tanti
1107 425 1325 508 praecursoris

218 509 436 592 Obstupescit,
457 509 532 575 dum
547 509 688 592 legatum
888 511 1009 577 Multos
1025 515 1134 590 terret,
1151 511 1207 576 sed
1222 509 1356 578 terroris

213 593 629 660 Auditmissumcoelitus:
889 593 1002 660 Comes
1017 600 1068 661 est
1082 594 1215 660 laetitia.

215 676 298 742 Nam
312 683 452 744 aetatem
468 685 501 744 ct
516 683 664 744 naturam
840 683 869 743 9.
889 677 1096 744 Scamando
1112 697 1242 745 servans
1256 677 1409 744 mundum

216 759 427 842 Consulcndo,
443 763 624 844 genituram
889 763 1368 830 Muudcvivitiutramuudum

216 845 357 912 Miratur
372 847 564 928 decrepitus.
888 847 925 912 Iu
940 851 1047 912 aetate
1061 851 1188 912 tenera:

166 933 196 993 3.
216 929 299 993 Dum
315 947 378 994 non
393 936 485 1012 paret
500 931 598 996 verbo
614 949 739 1012 parens,
887 929 936 995 Ne
951 929 1130 996 formentur
1145 950 1165 996 a
1179 930 1325 997 convictu

216 1012 292 1078 Mox
308 1013 342 1078 11
356 1015 455 1082 vcrho
470 1012 507 1081 fit
521 1031 678 1097 apparens
888 1014 1004 1094 Mores,
1019 1015 1099 1094 loco,
1114 1020 1214 1094 veste,
1229 1015 1316 1080 victu

214 1097 278 1162 Pro
292 1097 399 1162 verbis
414 1097 555 1180 punitio:
888 1097 1000 1162 Mundi
1015 1096 1098 1178 fugit
1112 1117 1275 1183 prospera.

216 1181 314 1246 Pater
327 1181 463 1246 haerens
479 1181 539 1247 hoc
553 1181 694 1248 infirmat
821 1185 868 1244 10.
888 1181 988 1258 Quem
1004 1183 1080 1248 dum
1090 1183 1193 1266 replet
1207 1184 1261 1248 lux
1275 1202 1422 1268 superna,

216 1263 690 1348 hffirmaudoquodcoullrmat
887 1265 1294 1350 Veraelucisfitlucerna‚

216 1349 377 1429 Loquelae
391 1349 537 1430 privatio.
889 1349 1200 1416 Verisollslucifer:

166 1431 197 1492 4.
217 1434 428 1499 Praecursore
442 1433 582 1499 nondum
601 1439 687 1512 nato,
765 1493 774 1514 ,
889 1434 998 1500 Novus
1014 1453 1130 1516 praeco
1146 1435 1351 1517 novaelegis,

216 1517 366 1582 Nondum
381 1523 477 1599 partu
492 1523 635 1583 reserato
887 1519 1102 1584 Immonovus
1120 1521 1294 1601 uoviregis

217 1601 580 1682 Reserantnrmystica:
888 1601 1223 1684 Puguaturisignifcr.

214 1684 331 1751 Nostro
347 1685 415 1750 sole
429 1689 505 1749 tunc
518 1685 665 1752 exclusus
821 1688 868 1749 11.
887 1685 1049 1767 Singulari
1063 1686 1233 1769 prophetia

215 1766 586 1851 Verioriscstperfusus
886 1769 1118 1852 Prophetarum
1131 1769 1315 1836 monarchia

218 1851 519 1936 Sohslucetypica.
887 1853 1254 1920 Subhmaturomuium:

168 1931 197 2000 5.
216 1937 308 2003 Prius
322 1937 412 2002 novit
426 1935 509 2002 diem
523 1954 642 2017 verum,
884 1938 928 2003 Hi
942 1936 1094 2017 futurum,
1109 1938 1161 2004 hic
1175 1939 1386 2020 praesentem,

216 2020 316 2099 Quam
332 2025 516 2086 nostrorum
533 2022 575 2086 sit
589 2020 712 2087 dierum
885 2021 929 2087 Hi
943 2027 1123 2100 venturum,
1141 2022 1320 2087 venientem

213 2104 299 2170 Usus
314 2104 483 2171 beneficio:
885 2105 1045 2171 Monstrat
1058 2105 1120 2171 iste
1134 2105 1244 2172 tilium.

213 2189 274 2254 Hic
288 2205 457 2254 renascens
472 2187 613 2253 nondum
628 2195 732 2272 uatus,
819 2187 865 2256 12.
885 2189 970 2254 Dum
986 2191 1130 2271 baptizat
1144 2189 1307 2256 Christum
1322 2187 1410 2269 foris,

213 2273 362 2338 Nondum
378 2278 473 2338 natus
491 2275 541 2338 est
555 2277 686 2339 renatus
885 2273 947 2338 llic
962 2291 982 2338 a
997 2273 1124 2339 Christo
1139 2275 1279 2340 melioris

214 2357 350 2422 Caelesti
368 2357 528 2438 mysterio.
884 2359 996 2439 Aquae
1011 2361 1100 2423 tactu
1115 2359 1269 2440 tingitur:

165 2429 195 2503 6.
215 2441 333 2506 Clausa
347 2441 460 2524 pandit
474 2444 586 2505 ventre
601 2440 739 2522 clausus,
883 2442 971 2508 Duos
987 2442 1104 2523 duplex
1118 2443 1206 2510 lauat
1221 2441 1356 2508 flumen:

214 2527 316 2592 Gestu
331 2525 486 2606 plaudens
501 2523 538 2590 111
551 2525 727 2606 applausus
884 2525 944 2591 Isti
959 2543 1084 2605 nomen,
1100 2525 1148 2591 illi
1162 2544 1279 2591 numen

215 2609 355 2674 Moesiae
369 2608 586 2689 praesentiae:
727 2678 733 2688 ,
884 2610 1053 2691 Baptistae
1068 2611 1263 2678 conceditur.

212 2693 357 2775 Linguae
372 2697 483 2774 gestus
499 2693 727 2774 obsequuntur,
818 2689 865 2760 13.
885 2694 970 2759 Dum
985 2693 1138 2776 baptizat,
1153 2693 1345 2776 baptizatur,

212 2777 297 2842 Dum
316 2795 375 2857 pro
395 2776 505 2857 lingua
525 2777 571 2841 sic
585 2777 769 2862 loquuntur,
884 2779 1030 2858 Dumque
1045 2777 1141 2858 lavat,
1157 2778 1208 2844 hic
1222 2777 1350 2844 lavatur

213 2859 363 2925 Serviunt
378 2859 541 2925 infantiae.
885 2861 925 2927 Vi
940 2861 1077 2927 lavantis
1093 2861 1214 2928 omnia:

164 2952 193 3011 7.
212 2945 318 3010 Mater
331 2945 426 3024 paria,
443 2949 535 3026 pater
550 2945 652 3010 credit
874 2945 994 3026 aquae
1008 2946 1118 3011 lavant
1132 2951 1165 3012 et
1179 2945 1343 3010 lavantur:

212 3028 380 3093 Redeunte
394 3027 456 3092 fide
471 3027 557 3093 redit
884 3029 1185 3096 Hislavandivires
1201 3030 1328 3107 dautur,

210 3112 354 3193 Linguae
368 3109 576 3177 beneficium:
883 3112 1046 3194 Baptizati
1061 3113 1176 3193 gratia.

210 3195 606 3277 Reseratopartumatris
817 3203 865 3265 14.
883 3197 910 3264 Ο
926 3196 1244 3274 luceruaverhiDei,

210 3279 626 3360 Reseraturlinguapatris
884 3279 934 3344 Ad
950 3279 1247 3346 coelestianosdiei

211 3365 373 3438 Reseraps
388 3363 585 3446 mysterium.
883 3363 1009 3428 Perduc
1023 3364 1202 3430 luminaria.

161 3453 190 3513 8.
210 3447 286 3512 Tori
300 3445 424 3512 fructus
438 3447 534 3513 matri
550 3447 678 3526 dantur,
883 3448 948 3512 Nos
963 3447 1005 3513 ad
1019 3452 1146 3530 portum
1161 3465 1198 3512 ex
1214 3447 1274 3511 hoc
1289 3445 1398 3528 fluctu,

209 3530 329 3596 Etiam
345 3533 459 3598 matris
476 3537 669 3597 excusantur
883 3532 950 3597 Nos
966 3531 1008 3596 ad
1022 3532 1121 3597 risum
1136 3550 1175 3596 ex
1189 3531 1248 3596 hoc
1263 3530 1353 3595 luctu

211 3615 337 3681 Stcrilis
352 3615 541 3698 opprobria:
886 3616 957 3682 Tua
971 3615 1081 3682 trahat
1095 3615 1210 3697 gratia.
1239 3615 1350 3680 Amen.

211 3738 236 3778 a.
256 3721 347 3779 Text.
384 3723 486 3780 Daniel
502 3723 537 3794 11,
557 3725 616 3778 169.
635 3725 668 3792 V,
688 3725 749 3778 263.
769 3739 821 3778 aaa
841 3723 972 3780 Gliohtov.
990 3725 1039 3795 lv,
1059 3727 1119 3783 198.

156 3886 167 3936 t
188 3809 442 3938 η1811111111.
479 3815 505 3882 ὅ,
523 3815 549 3867 4.
568 3812 741 3868 renascentis
760 3812 799 3866 el.
819 3811 975 3882 (1111111).
998 3843 1033 3854 -
1061 3817 1086 3884 8,
1106 3814 1130 3868 5.
1150 3817 1239 3868 terret
1255 3813 1295 3868 ist
1313 3827 1350 3868 aa
1368 3811 1441 3868 lesen

140 3898 187 3937 cc
256 3899 312 3939 ne.

696 3993 895 4000 ..--—...-..-—-

461 4073 532 4136 361.
576 4069 619 4136 In
639 4069 841 4137 decollatione
861 4072 966 4137 sancti
987 4069 1128 4136 Ioannis.

164 4209 191 4267 l.
213 4202 329 4268 Matris
343 4205 443 4270 melos
458 4205 686 4288 triumphantis
838 4212 867 4272 2.
886 4204 956 4272 Vox
970 4205 1137 4271 clamantis
1153 4205 1186 4270 iu
1202 4203 1328 4272 deserto

210 4287 399 4354 Aemuletur
412 4289 581 4355 militantis
884 4287 1018 4368 Clamat,
1034 4291 1129 4356 tubat
1142 4290 1175 4354 in
1191 4295 1303 4371 aperto

210 4369 390 4439 Conceptus
404 4373 583 4439 Ecclesiae:
884 4372 1035 4440 Divinum
1050 4375 1233 4440 consilium:

210 4454 288 4520 Vita
303 4457 503 4522 conculcetur
518 4459 595 4537 ista3
885 4458 1006 4523 Verum
1020 4463 1129 4524 mouet
1144 4463 1177 4524 et
1192 4460 1347 4525 ostendit:

210 4539 299 4604 Haeo
314 4547 497 4621 quaeratur,
513 4561 609 4625 quam
620 4540 769 4624 Baptista
884 4540 948 4606 Sed
964 4543 1102 4608 obdurat
1116 4546 1149 4608 ct
1163 4541 1295 4608 offendit

211 4621 273 4690 Est
286 4623 420 4708 adeptus
434 4625 537 4693 hodie.
884 4626 1026 4694 Verbum
1041 4627 1139 4709 pacis,
1158 4627 1300 4708 impium.

1179 4727 1244 4793 17*
