3218 5234
746 287 956 353 ..84-

428 469 501 550 Fili,
515 470 579 536 iam
595 470 702 537 sedea
717 471 848 551 dextris,
863 471 974 538 iamin
990 471 1089 538 altum
1104 474 1282 556 regredere.

428 554 604 637 Oportebat
619 562 661 630 te,
675 555 729 636 lili,
745 555 790 620 sic
804 557 883 640 pati,

423 643 455 703 et
470 639 516 703 ite
530 639 650 704 intrare
665 641 698 705 in
714 639 848 721 gloriam
862 645 960 705 tuam.

424 721 531 800 Pater,
548 723 680 790 verbum
695 731 785 788 tuum
800 725 920 790 veritas
935 727 994 790 est.

422 805 556 887 Respice
569 807 603 872 in
617 812 736 872 terram
750 814 784 874 et
796 809 883 890 reple
898 826 969 874 eam
983 807 1075 875 benis
1089 809 1161 875 tuis.

423 889 512 956 Tunc
526 889 701 958 confitebor
715 891 775 959 tibi
789 892 823 956 in
837 892 1021 959 nationibus

423 978 456 1038 et
471 975 606 1056 psallam
621 975 680 1041 tibi
693 977 726 1040 in
741 975 843 1055 gloria
855 993 936 1042 mea.

422 1058 493 1136 Fili,
508 1061 595 1125 rivos
611 1060 679 1126 eius
694 1059 859 1140 inebriavi,

423 1143 634 1224 multiplicavi
649 1144 809 1225 genimina
824 1143 892 1208 eius

427 1233 460 1294 et
475 1228 578 1309 campi
593 1228 640 1293 tui
653 1227 816 1310 replentur
830 1227 977 1292 ubertate

427 1317 459 1376 et
473 1312 574 1378 valles
588 1311 819 1378 habundabant
834 1310 994 1376 frumento

424 1401 457 1460 et
470 1395 621 1477 hymnum
637 1395 744 1460 dicent
757 1395 790 1460 in
804 1395 916 1476 gloria.

205 1480 233 1540 1.
248 1473 401 1554 Populus.
425 1479 508 1556 lesu,
525 1482 619 1546 testis
633 1480 667 1544 in
682 1479 768 1544 coele
783 1477 895 1558 fidelis,

424 1570 548 1644 partem
563 1564 595 1628 in
611 1563 713 1646 prima
728 1563 959 1628 resurrectione
974 1561 1016 1626 da
1032 1561 1131 1642 nobis,

427 1652 464 1712 ut
479 1647 533 1713 uhi
549 1666 583 1713 es
598 1651 634 1712 tu
649 1652 683 1712 ct
697 1665 755 1712 nes
770 1647 870 1712 simus

316 1771 318 1778 ψ
425 1731 605 1797 exultantes
619 1732 653 1796 in
668 1731 770 1812 gloria
785 1737 851 1796 tun.
1578 1787 1579 1820 ,

274 1845 299 1884 a.
318 1827 412 1882 Text.
449 1828 540 1884 Mercl
558 1827 613 1882 No.
633 1833 676 1885 69.
695 1829 723 1884 S.
742 1832 776 1882 41
796 1845 864 1883 aua:
893 1827 947 1883 Ha.
967 1844 1004 1884 aa
1021 1827 1063 1882 St.
1083 1827 1185 1882 Gallae
1209 1827 1355 1899 (Brander)
1373 1829 1437 1883 546.
1457 1827 1505 1882 ΒΖ.

202 1905 246 1958 99.
265 1899 316 1954 mit
335 1900 384 1954 der
402 1900 582 1968 1190011111.-
608 1902 674 1956 Alia
698 1901 816 1970 pulchra
834 1900 858 1954 b.
878 1899 997 1955 hlotheri
1015 1906 1096 1968 pute,
1127 1899 1160 1954 de
1184 1901 1389 1954 resurrectione
1409 1900 1504 1955 Domi·
1578 1899 1579 1966 J

204 1974 267 2029 nica
293 1972 469 2038 Sequentia.“
505 1971 553 2026 Sic
579 1973 619 2027 iat
646 1972 713 2027 aher
739 1972 838 2042 pereira
866 1971 944 2026 nicht
972 1985 1027 2025 voa
1052 1971 1175 2036 Netker,
1203 1970 1248 2025 dte
1274 1969 1397 2026 Melodic
1420 1972 1504 2040 fehlt.
1578 2005 1579 2030 ;

203 2043 301 2166 Μωῗ.
318 2109 472 2166 Bemerlc.
509 2113 588 2180 „Dic
607 2112 756 2168 Gemeiade
773 2114 847 2168 wird
866 2113 909 2168 ala
928 2111 1107 2168 mitrrr'rlccad
1119 2117 1253 2183 paranni,
1272 2113 1332 2168 rard
1349 2113 1503 2182 zwcifelloa

204 2183 300 2236 warde
324 2183 375 2236 der
399 2183 535 2255 Eirrpaup
558 2187 602 2253 (1,
626 2189 724 2254 1-4),
753 2185 796 2239 bei
819 2185 879 2239 dem
902 2185 982 2239 haine
1001 2185 1197 2255 Beaeicbrruap
1215 2184 1303 2252 steht,
1332 2185 1434 2241 ebenao
1455 2186 1505 2254 (iar

209 2251 447 2325 Wecdeelpeeaap)
464 2259 633 2326 peeunpen.“
652 2257 770 2313 Bartsch
787 2254 816 2310 S.
834 2259 879 2310 20.
1423 2283 1426 2288 v
1578 2259 1579 2310 l

752 2363 950 2370 ’.η-η...-

613 2441 663 2504 81.
713 2437 885 2504 Dorar'aiea
907 2457 932 2504 s.
951 2435 1097 2519 praedae.

228 2553 255 2612 1.
279 2543 960 2696 0quiperennaresidensgotestatissolio,
976 2543 1503 2628 omniaordinas,sat0r,abaeve!
1578 2557 1579 2598 ὲ

227 2637 257 2696 2.
279 2632 450 2697 Teucrum
466 2635 499 2696 et
512 2649 610 2696 unum
626 2649 683 2698 cen
707 2637 795 2698 tetur
810 2631 912 2696 omnis
927 2635 1013 2696 terre
1029 2630 1201 2702 dominum,

227 2720 257 2781 3.
279 2715 341 2794 Qui
355 2734 414 2782 nes
428 2715 572 2781 hemines
587 2717 652 2782 tuis
668 2715 789 2782 deliciis
805 2716 922 2781 eiectos
940 2713 1113 2780 condolens

228 2807 258 2865 4.
278 2800 382 2866 Heme
396 2817 541 2880 veneras,
557 2805 719 2882 partuum
734 2799 920 2882 sanguinem
936 2798 1085 2880 deceptos
1100 2814 1260 2864 revocans.
1578 2837 1579 2884 3

229 2888 256 2949 5.
279 2883 359 2950 Inde
384 2885 520 2982 virtutes
545 2883 626 2950 coeli
649 2891 682 2950 et
707 2901 815 2950 omnes
841 2881 961 2966 angeli,
987 2897 1089 2964 aeque
1114 2881 1314 2964 gratulantes
1338 2879 1502 2964 redempte

229 3056 257 3118 6.
280 2968 642 3150 Tibihgrlilmmlulguresis
668 3052 778 3135 tuique
803 3052 937 3120 consciis
961 3049 1194 3118 incessabiliter
1217 3049 1418 3132 proclamant
1446 3049 1501 3114 mi-
1578 3067 1579 3124 3

229 3226 257 3284 7.
280 3142 603 3317 ,,8111011811ῒέ,180110100,
625 3223 718 3310 ἅγιος,
744 3219 870 3286 demine
884 3220 1040 3288 virtutum
1055 3237 1093 3286 ac
1107 3217 1330 3302 potentissime
1344 3236 1400 3283 rex
1417 3236 1500 3284 exer·

228 3394 257 3454 8.
281 3309 572 3507 Coeffiumssrgas’
597 3389 699 3454 maria
723 3387 854 3472 replesti
879 3387 983 3470 gloria
1006 3394 1081 3455 tuae
1106 3387 1286 3454 maiestatis
1310 3391 1425 3452 cuncta
1447 3403 1501 3468 per
1578 3431 1579 3434 ,

229 3561 257 3621 9.
280 3473 508 3638 1111,εὲἓὲιέἓο,
533 3556 694 3637 persultat
707 3557 842 3640 hymnos
856 3573 992 3622 consone
1007 3556 1104 3640 plebs,
1127 3555 1174 3622 tui
1185 3554 1342 3622 adventus
1357 3554 1452 3621 avida
1465 3569 1500 3617 ac

355 3637 535 3706 futurorum
550 3640 703 3721 praescia.

209 3727 258 3788 10.
281 3722 316 3787 ln
339 3724 390 3789 his
411 3723 561 3790 laudibus
584 3723 844 3790 condelectantur
863 3723 983 3807 optime
1004 3722 1162 3806 principes
1182 3721 1300 3789 firmati
1324 3725 1499 3806 pneumate,

356 3807 510 3890 trophaea
524 3813 581 3873 tua
595 3825 717 3873 canere.

209 3895 257 3956 11.
281 3891 414 3957 Interim
425 3891 530 3956 dulcia
540 3891 739 3973 proclamant
750 3891 873 3958 eunden
884 3891 1016 3958 testium
1028 3890 1166 3971 agmina,
1177 3891 1251 3972 agni
1262 3907 1374 3956 eruore
1385 3889 1499 3954 albata.
1578 3907 1579 3974 r

209 3979 257 4039 12.
280 3973 399 4124 801οἢ
400 3976 585 4124 aplrlraneecipue
610 3981 643 4041 te
668 3975 800 4058 dignum
825 3977 965 4042 carmine
991 3974 1126 4057 supplici
1150 3973 1292 4042 fatentur
1320 3973 1499 4040 sacerdotes
1578 3983 1579 4010 ³

208 4145 257 4205 13.
280 4139 329 4228 Ad
344 4079 432 4208 trlram
448 4109 573 4225 semper
588 4144 716 4210 laudem
731 4143 875 4210 monachi
891 4146 1080 4210 conservant
1093 4143 1191 4208 vitam
1205 4143 1370 4210 coelibem.

209 4229 256 4289 14.
279 4223 325 4288 Ut
340 4231 414 4291 tuus
428 4226 531 4291 honor
545 4229 640 4306 vivat,
656 4229 797 4309 virgines
811 4227 985 4310 prudenter
999 4226 1163 4310 lampades
1179 4232 1305 4294 ornant.

209 4313 257 4372 15.
280 4308 339 4374 llis
353 4315 420 4376 tam
435 4311 578 4376 iucundis
593 4311 746 4394 placatur,
762 4312 898 4391 Christe,
915 4311 1046 4378 canticis

208 4397 256 4456 16.
279 4393 322 4458 Et
337 4412 395 4460 nus
411 4393 526 4460 exaudi
541 4393 714 4476 psallentes
731 4413 806 4460 voce
821 4395 971 4478 supplici;

209 4481 255 4540 11.
279 4477 321 4542 Et
337 4479 391 4558 qui
405 4479 567 4544 hominum
582 4495 679 4544 eausa
694 4479 802 4545 volens
817 4479 961 4545 subieras
976 4479 1087 4544 mertis
1102 4479 1226 4558 acerba,

208 4565 256 4624 18.
279 4561 342 4628 Fac
357 4579 414 4629 nes
429 4563 543 4628 herum
558 4569 728 4642 consertes,
743 4581 824 4646 ques
839 4571 963 4648 patrem
977 4568 1126 4646 repetens
1140 4563 1266 4647 patriae
1281 4560 1392 4642 rulers,

209 4649 256 4711 19.
278 4644 317 4712 In
332 4663 395 4728 qua
409 4647 477 4714 laus
493 4653 544 4715 est
557 4647 617 4716 tibi
630 4665 755 4731 perpes.
