3266 5222
647 279 879 342 -251-

278 455 348 518 350.
392 451 434 518 Ia
448 453 649 522 decollatione
664 453 763 522 Beati
777 455 933 524 11111111
946 455 1118 540 Baptistae
1133 461 1266 542 captiva.

548 572 664 642 (Auctor
682 581 725 630 ast
743 575 930 634 Ekkelsardua
952 575 985 647 1.)

140 699 168 759 1.
190 693 353 760 Summum
369 712 558 775 praeconem
574 696 691 764 Christi
708 699 932 766 conlaudemus
947 699 1032 778 laeti,

135 783 168 844 2.
190 777 261 856 Quo
274 778 344 860 ipsa
359 779 476 844 veritas
491 787 689 862 protestatur
703 783 856 848 maiorem
871 783 937 850 iere
951 783 1118 864 neminem,

136 863 167 926 3.
189 861 226 926 In
241 862 325 927 natis
340 862 525 942 gignentum
540 871 668 948 praeter
683 885 780 932 uuum
795 867 953 950 parthenu
967 872 1057 932 casta
1071 865 1223 948 genitum.

134 952 168 1010 4.
188 945 250 1010 Hic
263 947 364 1010 matre
379 945 433 1011 diu
448 947 510 1012 iam
525 950 625 1015 sterili
641 951 749 1016 editus

135 1034 166 1094 5.
188 1027 260 1094 Non
274 1029 376 1094 solum
391 1031 474 1111 patri
489 1037 578 1098 muto
594 1033 754 1116 eloquium
769 1033 885 1113 reddit,
901 1033 959 1100 sed
973 1033 1119 1116 plurimis
1134 1034 1295 1116 gaudium.

135 1116 168 1178 6.
189 1109 254 1177 Sed
268 1113 324 1194 qui
340 1112 379 1177 de
393 1113 481 1178 coelo
496 1117 614 1182 meruit
627 1119 794 1197 nominari,
810 1117 919 1182 muudi
934 1117 1045 1200 nequit
1059 1117 1220 1184 illecebris
1235 1118 1328 1182 infici.

82 1211 86 1219 ·
134 1203 166 1262 7.
187 1197 342 1346 1111131111
363 1197 478 1278 degere
500 1199 553 1280 qui
576 1217 648 1266 cum
668 1201 839 1282 desiderat,
860 1203 941 1268 vitat
957 1219 1066 1268 omues
1082 1203 1251 1268 execrandi
1267 1201 1418 1268 consortii

265 1298 285 1344 a
311 1281 382 1345 'tus

134 1374 165 1434 8.
188 1363 231 1428 Et
245 1364 332 1430 solus
347 1364 445 1430 solius
462 1365 631 1434 inhaerens
646 1367 706 1434 Dei
722 1369 843 1434 visibus

133 1451 166 1512 9.
188 1445 337 1530 Corporis
353 1447 490 1515 lubricos
506 1449 600 1516 luxus
616 1451 768 1518 edomans
783 1471 909 1518 1111111
926 1449 1060 1536 Spiritui
1076 1453 1257 1534 subegerat,

112 1536 165 1596 10.
188 1530 460 1614 Severitatemque
476 1532 602 1602 sibimet
617 1536 766 1618 placitam
782 1536 896 1602 ceteris
911 1535 1084 1602 inteutans.

112 1621 164 1680 11.
187 1610 274 1678 Odor
289 1615 330 1680 ad
345 1616 492 1705 ανθροπον
507 1619 604 1684 corda
618 1626 712 1702 parat
727 1619 795 1686 Deo
809 1619 916 1686 verbis
931 1625 965 1686 et
979 1619 1141 1702 exemplis.

112 1703 163 1764 12.
186 1697 247 1764 llic
270 1699 355 1764 idem
369 1699 482 1848 dmaior
503 1701 639 1784 vatibus,
662 1705 815 1786 aequipar
836 1705 958 1786 angelis
982 1709 1113 1786 peccata
1128 1703 1236 1768 mundi
1252 1702 1417 1769 tollentem

262 1787 354 1848 notat
391 1784 480 1865 igitc.

112 1871 163 1930 13.
186 1863 295 1948 thue
309 1867 354 1932 nil
369 1868 444 1934 boni
459 1865 583 1934 deforet
597 1867 735 1936 lamulus
751 1869 922 1949 dominum,
944 1869 1046 1952 patris
1070 1870 1177 1950 superi
1198 1868 1328 1934 vocibus
1344 1887 1416 1950 pro·

263 1951 374 2030 ditum,
390 1953 622 2034 supersedente
636 1951 753 2020 Sancto
768 1954 899 2036 Spiritu,
916 1953 1004 2020 coelo
1018 1953 1165 2030 mirante,
1178 1952 1265 2018 lavat
1277 1950 1415 2018 flumine.

116 2033 167 2098 14.
186 2033 280 2100 11111
294 2035 445 2184 1111331111
456 2039 580 2102 tautum
591 2043 758 2120 protervae
770 2037 925 2104 saltatrici
937 2038 1066 2118 exponit
1076 2035 1252 2119 praemium
1267 2035 1416 2102 moechus

262 2135 352 2184 resa
408 2124 468 2184 ter.

116 2203 164 2268 15.
186 2199 272 2267 Proh
287 2201 386 2282 dolor,
401 2203 482 2286 proh
497 2201 595 2352 nefas,
610 2204 652 2270 ah
667 2205 771 2272 scelus
785 2205 974 2284 inauditum,
995 2205 1065 2288 quis
1079 2208 1203 2271 tautum
1220 2203 1343 2270 lacinus
1364 2223 1415 2270 cc

262 2287 381 2367 gitaret
394 2305 544 2368 umquam

113 2371 164 2432 16.
187 2367 252 2433 Sed
266 2376 301 2434 tu
316 2369 444 2451 quidem
459 2371 578 2437 Christi
593 2389 693 2454 nepos
707 2371 846 2453 egregia,
861 2377 982 2454 martyr
997 2372 1209 2452 memorande,

111 2457 163 2517 17.
185 2451 362 2519 Praecurre
374 2455 437 2520 iam
451 2453 606 2536 gaudeus,
620 2456 736 2520 nuncia
749 2458 885 2521 mortuis
900 2456 998 2522 vitam
1013 2457 1196 2522 adventare.

111 2540 164 2601 18.
185 2536 314 2618 Nosque
331 2539 370 2602 de
385 2539 527 2606 tenebris
542 2539 606 2604 luci
620 2539 787 2606 restitutos
802 2538 880 2606 oller
895 2539 1032 2606 Christo.

185 2657 210 2698 a
229 2643 326 2700 Teoet.
363 2646 446 2702 hicne
464 2647 516 2702 Nc.
536 2649 589 2702 651
608 2647 644 2716 (8,
663 2648 803 2718 481111·
830 2647 883 2702 Ha.
903 2663 940 2703 aa
955 2647 1105 2716 Miiochea,
1132 2649 1198 2704 Clm.
1220 2649 1314 2702 14083.
1333 2645 1351 2700 1.
1372 2649 1414 2700 25.

110 2719 156 2768 11.
176 2713 277 2770 Johrlr.
294 2718 347 2771 tait
364 2715 492 2772 Nemea
520 2717 564 2786 (A,
592 2717 707 2774 Daniele
735 2719 801 2774 cod.
829 2719 905 2775 1111.
925 2722 952 2786 6,
980 2735 1033 2774 aas
1057 2720 1185 2774 walchem
1203 2734 1233 2774 or
1252 2718 1287 2784 ll,
1307 2719 1350 2772 58.
1370 2719 1415 2771 dic

110 2790 185 2840 erate
203 2785 279 2840 Zeila
297 2787 365 2857 hot).
402 2817 436 2830 -·
473 2789 664 2845 San-Martha:
688 2787 815 2845 Woltloer
841 2805 896 2844 oon
922 2789 1105 2859 Aquitanica.
1141 2789 1316 2860 Mcpdehurp
1335 2791 1413 2842 1853.

109 2856 392 3002 galioetlwiisscffi'
411 2859 439 2916 S.
458 2861 530 2933 Gall,
550 2875 621 2918 saec.
641 2860 702 2916 1111.
722 2877 749 2931 p.
768 2863 830 2916 233.
850 2861 902 2931 (Β).
922 2891 956 2902 -
973 2861 1074 2918 Daniel
1093 2863 1126 2932 V,
1145 2865 1189 2918 87.
1209 2877 1275 2916 aaa:
1300 2860 1365 2914 Cod.
1387 2859 1414 2916 S.

177 2969 183 2981 .
230 2945 254 2983 ο.
389 2971 395 2984 .

182 3015 208 3070 b.
227 3015 411 3072 Leaortea.
450 3023 473 3074 1.
492 3019 681 3074 collaudamus
700 3019 733 3074 A.
753 3047 786 3058 —
805 3021 831 3074 2.
851 3025 1022 3088 protectatur
1036 3019 1170 3075 11.-1.
1190 3043 1223 3073 πα
1241 3029 1303 3074 alva
1321 3018 1413 3072 hicne.

110 3115 146 3127 -·
165 3089 191 3142 7.
209 3087 322 3143 deserat
339 3089 373 3156 A,
410 3105 475 3160 epea
494 3090 565 3144 Sina
583 3091 643 3144 aad
664 3087 817 3143 Veremaee.
835 3089 1008 3144 Mona-9.
1027 3107 1137 3146 carmen
1159 3045 1240 3145 Sel(
1257 3077 1413 3158 (Drusis).

110 3187 147 3197 -
185 3161 226 3212 10.
255 3159 370 3216 sioemat
389 3106 466 3215 §.mhi
504 3192 538 3202 —
576 3165 617 3215 ll.
645 3161 682 3215 So
702 3159 732 3214 B.
752 3160 824 3216 odon
843 3159 879 3214 ad
898 3167 1037 3232 antropos
1060 3165 1092 3218 A.
1132 3167 1200 3216 ‘otae
1223 3161 1258 3216 ad
1278 3168 1414 3231 desperas

109 3228 209 3354 11111ἐι
234 3260 268 3270 -
296 3235 336 3285 12.
356 3233 471 3300 equipar
489 3231 541 3288 BC.
570 3261 603 3272 —
637 3235 677 3287 15.
696 3247 747 3301 pro
767 3271 773 3284 .
792 3246 843 3301 pro
862 3232 893 3286 Β.
913 3231 977 3300 nei,
996 3233 1038 3288 ius
1058 3249 1137 3288 omne
1157 3233 1287 3287 violatum
1307 3233 1339 3284 Α.
1378 3261 1412 3270 -

111 3301 155 3352 17.
174 3315 192 3354 1
211 3301 320 3358 venisse
343 3303 376 3356 Α.

183 3403 205 3442 1.
224 3385 378 3443 Bemerlc.
416 3389 504 3444 Ueter
522 3389 575 3444 das
594 3387 793 3460 ththmicche
811 3394 860 3444 etc.
879 3389 987 3460 apriclrt
1007 3391 1125 3446 Bartsch
1144 3389 1170 3442 S.
1194 3392 1235 3442 15.
1254 3392 1313 3442 130.

384 3713 455 3776 351.
499 3708 541 3775 Ia
561 3711 770 3778 1111111111.
794 3710 926 3778 Iooaais
947 3707 1123 3792 Baptistae.

522 3825 639 3896 (Auctor
657 3833 700 3884 est
718 3827 826 3883 thlrer
843 3827 998 3896 Balbulus.)

133 3952 160 4011 1.
184 3945 293 4010 Sancti
307 3945 474 4030 Baptistae
490 3945 607 4013 Christi
621 3949 785 4030 praeconis

130 4033 159 4094 2.
177 4029 350 4095 Sollemnia
364 4031 572 4112 celebrantes,
588 4033 730 4099 moribus
745 4033 849 4114 ipsum
866 4049 1046 4113 sequamur,

131 4121 159 4183 3.
183 4111 230 4178 Ut
243 4112 285 4177 ad
299 4114 383 4180 viam
398 4131 492 4195 quarn
509 4115 677 4198 praedixit,
692 4117 831 4182 asseclas
847 4133 922 4182 suos
937 4117 1102 4198 perducat.
1222 4197 1228 4210 ι

128 4207 158 4266 4.
180 4199 303 4264 Devote
317 4203 359 4276 te,
385 4200 584 4264 sanctissime
598 4199 770 4276 hominum,
796 4200 897 4266 amice
912 4199 987 4266 lesu
1002 4197 1131 4278 Christi,
1157 4195 1347 4277 flagitamus
1375 4201 1411 4260 ut

257 4281 376 4362 gaudia
389 4283 611 4367 percipiamus.

128 4367 159 4429 5.
180 4363 348 4448 apparens
369 4383 451 4448 quae
472 4365 646 4434 Zachariae
666 4365 796 4436 Gabriel
816 4366 1007 4452 repromisit,
1028 4365 1082 4448 qui
1104 4369 1192 4432 tuam
1213 4363 1410 4430 celebrarent

257 4449 419 4532 obsequiis
434 4451 647 4534 nativitatem,

129 4533 159 4596 6.
182 4529 229 4598 Ut
241 4551 299 4616 per
313 4533 392 4632 haec
406 4534 489 4632 festa
504 4539 636 4604 aeterna
649 4535 768 4634 gaudia
779 4533 1004 4634 adipiscamur,

128 4619 158 4684 7.
181 4613 251 4696 Qua
265 4623 368 4688 sanctu
382 4617 444 4688 Der
458 4621 558 4689 sacris
572 4619 696 4689 delicus
710 4620 788 4690 laetu
802 4619 1012 4706 congaudent.
