3234 5246
713 307 943 370 -424-

554 487 626 550 622.
668 483 720 550 De
740 504 766 549 a.
788 483 966 550 Lanatum
987 483 1106 552 abbate.

287 597 367 670 (Gela
385 615 422 655 aa
441 598 575 656 Gambrci
591 601 623 655 in
641 600 827 671 Frantreicb,
844 606 912 672 neat.
931 603 993 668 686,
1012 601 1123 656 verebrt
1142 617 1188 657 am
1205 605 1249 656 13.
1268 599 1360 670 Juvat.)

202 727 229 786 1.
249 720 348 785 Laeto
363 719 468 787 cordis
483 737 554 786 cum
569 719 703 802 fervore,
873 725 903 786 6.
922 722 971 786 ld
988 722 1145 787 Andberti
1160 723 1259 802 pedes
1273 722 1358 801 iecit,

247 803 375 882 Mentis,
390 805 477 870 vocia
492 811 526 870 et
541 805 671 871 dulcore
919 805 963 870 Et
977 804 1101 870 mabtia
1115 805 1200 886 quod
1215 804 1348 888 perfecit

247 886 582 954 AdoreturTrinitaa:
919 887 1022 954 Multa
1038 887 1136 954 deflet
1150 889 1294 956 lacrima:

247 969 436 1036 Meritorum
451 973 491 1038 ob
503 973 704 1054 splendorem
921 972 1054 1038 Praesul
1070 991 1160 1036 ovem
1176 973 1389 1040 errabundam

246 1053 412 1119 Landelini
429 1061 462 1121 et
476 1056 623 1122 decorem
916 1057 1009 1122 Viam
1024 1055 1112 1122 ducit
1126 1056 1354 1139 periucundam

245 1137 429 1204 Honoratur
445 1138 570 1211 Unitas.
917 1139 1035 1204 Obriati
1051 1139 1092 1204 ad
1107 1140 1211 1206 ovilia.

869 1227 897 1286 t.
918 1223 1050 1288 Romam
1065 1225 1171 1304 pergit
1185 1229 1235 1289 ter
1250 1230 1284 1290 et
1297 1225 1416 1303 crimen

199 1295 227 1358 2.
246 1289 370 1355 Franco
384 1289 483 1370 stirpe
499 1288 587 1356 clara
601 1295 701 1370 satus,
918 1306 969 1371 ad
985 1306 1174 1373 sanctorum
1190 1307 1309 1374 deflens
1322 1309 1421 1374 umen

246 1373 432 1440 budeberto
446 1375 685 1440 commendatus
918 1389 1032 1456 Preces
1048 1389 1153 1456 fundit
1167 1393 1304 1474 largius:

247 1457 442 1522 lmbuendus
457 1457 610 1538 praesuli:
693 1541 700 1556 ¹
917 1473 1011 1539 Hunc
1030 1475 1186 1540 Andberti
1202 1477 1294 1556 ungit
1308 1495 1434 1549 manua,

246 1541 380 1606 Praeaul
395 1540 464 1604 Deo
478 1557 574 1622 quem
590 1540 717 1607 devovit
916 1557 1064 1638 Iungitur
1078 1557 1280 1626 Domitianus

244 1623 331 1689 Facu
346 1624 483 1690 scelesta
496 1643 568 1688 mox
584 1626 743 1706 promovit
915 1639 1110 1722 Adljnusque
1126 1643 1240 1708 socius.

246 1708 296 1773 Ad
310 1725 390 1790 Olus
406 1706 534 1774 d¹8b01b
867 1723 895 1787 8.
915 1725 1031 1790 Vestes
1048 1726 1113 1789 illic
1126 1724 1333 1806 auferentem,

914 1806 958 1872 Et
972 1807 1045 1873 hinc
1059 1810 1209 1876 membris
1221 1815 1475 1877 contrementem

915 1888 1012 1957 Prece
1027 1898 1118 1958 curat
1132 1892 1259 1958 sedula:

914 1975 1107 2042 landelinus
1126 1979 1321 2060 sempiterna

916 2058 1100 2140 Meditatur,
1126 2060 1200 2126 hinc
1214 2065 1371 2143 quaterna

599 2193 605 2205 .
912 2140 1037 2212 Struxit
1051 2146 1256 2210 monasteria.
1399 2191 1404 2196 -

245 2191 324 2256 cum
338 2193 464 2258 Iamne
479 2193 685 2272 ⁰⁰⁶¹¹⁰b¹t⁸¹¹¹²
699 2227 741 2240 ‘·
867 2221 895 2288 9.
916 2225 1037 2308 Moysis
1051 2226 1155 2292 instar
1169 2233 1206 2292 ut
1219 2228 1345 2292 induxit

244 2275 304 2356 Ah,
323 2293 405 2357 ‘1¹¹ae
421 2275 696 2358 metamfflphffiis·
914 2309 1020 2375 Humo
1034 2311 1167 2392 uirgam,
1183 2310 1255 2377 fons
1271 2309 1392 2377 effluxit

915 2392 1067 2475 Crispans
1082 2395 1115 2459 in
1130 2393 1304 2476 Crispinio:

914 2477 1126 2544 Decumbenti
1139 2480 1270 2544 adstant
1285 2477 1398 2551 crebri,

197 1865 226 1925 3.
244 1855 374 1940 Linquit
388 1857 526 2007 Mfstam
542 1863 575 1923 et
589 1859 773 1940 praedatur,

245 1939 359 2006 Caedit
373 1947 406 2006 et
432 1943 630 2008 atrocinatur

244 2025 317 2089 Suis
332 2042 403 2090 cum
418 2026 587 2090 consociis:

128 2175 147 2180 .,
162 2173 165 2177 .
244 2108 352 2174 Mutat
365 2127 489 2189 nomen,
505 2127 658 2190 normam,
673 2109 770 2176 vitam

194 2431 223 2491 4.
244 2425 303 2491 Ast
318 2423 481 2492 Andberto
496 2443 554 2507 pro
569 2429 697 2490 errante

241 2507 649 2674 ggffissffssffissgffime
914 2561 1104 2640 ltoneteoa,
1120 2561 1286 2628 obitlebri

240 2676 451 2742 calnomum
466 2677 553 2744 visus
567 2643 677 2754 terret,
915 2643 1045 2740 Cultus.
1058 2645 1091 2710 1¹¹
1107 2645 1218 2744 &5⁰19-

241 2761 311 2838 Quo
326 2763 487 2842 cernebat,
503 2759 586 2842 quod
602 2757 735 2825 inferret
848 2735 895 2794 ¹⁰·
914 2727 1098 2809 Landebnc,
1113 2735 1278 2810 P⁰e¹¹¹oe¹⁰

239 2844 383 2910 Daemon
397 2845 567 2926 quamdam
581 2841 726 2909 Tartaro.
911 2811 1349 2978 gsstffifflgssll‘igffie:flerb

194 2983 223 3044 5.
240 2977 333 3044 Hanc
347 2982 384 3043 ut
398 2995 533 3060 poenam
548 2977 732 3059 declinaret,
912 2977 974 3043 Hic
989 2997 1129 3057 uramur,
1145 2979 1191 3044 aio
1206 2997 1364 3046 secemur:

241 3061 291 3126 Ad
307 3062 504 3128 Andbertum
520 3067 677 3127 remearet
913 3061 999 3128 Deua
1014 3069 1134 3144 parcat,
1150 3083 1190 3128 ne
1205 3063 1393 3130 damnemur

239 3143 653 3227 Astansmonetbngelua:
912 3144 989 3211 Tuis
1005 3149 1124 3214 sanctis
1139 3147 1303 3230 precibus:

241 3227 365 3305 Quibus
380 3229 466 3304 vicie,
482 3245 544 3310 quo
559 3229 669 3294 audito
912 3227 985 3309 Sed,
1001 3235 1075 3310 nost
1089 3230 1182 3296 huius
1198 3231 1283 3297 vitae
1297 3230 1401 3310 finem,

238 3311 445 3379 Camaracum
460 3331 573 3394 gressu
588 3312 650 3378 cito
912 3311 962 3376 Ad
976 3314 1124 3380 coelestis
1138 3315 1224 3380 vitae
1239 3315 1335 3380 limen

238 3395 280 3476 It,
295 3397 411 3480 spretis
429 3395 644 3479 complicibus.
912 3395 1242 3464 Admittamurociua

241 3503 334 3560 Teat.
371 3503 471 3561 Daniel
489 3504 524 3575 ll,
543 3505 596 3559 ala
613 3517 648 3557 ex
667 3501 727 3557 Act.
747 3501 911 3558 Sanctorum
930 3503 990 3558 Iun.
1010 3505 1087 3560 Tom.
1107 3505 1141 3562 11.
1162 3524 1188 3578 p.
1210 3509 1293 3562 1064:
1323 3505 1385 3574 „Ex
1413 3503 1467 3560 Ma.

168 3573 331 3633 Baclrarano
349 3577 505 3644 Oanabrugi
522 3575 660 3632 nervat0.“

529 3883 600 3945 623.
643 3875 695 3942 De
715 3897 740 3942 a.
762 3877 938 3944 Laurentio
959 3883 1107 3962 martyre.

248 3997 324 4067 (Vota
343 3994 450 4052 Gebcrt
467 3996 514 4050 eta
531 3993 645 4063 Romer,
662 3997 731 4064 neat.
750 4007 796 4048 am
814 3997 857 4048 10.
875 3993 948 4065 Ace.
966 3996 1028 4065 258,
1046 3993 1157 4050 verclrrt
1175 4011 1221 4051 am
1239 3998 1282 4050 10.
1302 3993 1388 4066 Aren.)

577 4107 694 4177 (Auctor
712 4113 755 4165 eat
772 4107 880 4164 Notker
898 4107 1053 4178 Balbnlus.)

188 4237 216 4296 1.
238 4231 399 4311 Laurenti,
415 4228 519 4296 David
533 4229 640 4310 magui
654 4231 778 4311 martyr
792 4227 945 4310 milesque
960 4226 1063 4306 fortia,

186 4321 216 4384 2.
238 4314 287 4378 Tu
301 4313 502 4396 imperatoria
520 4313 671 4392 tribunal,

186 4402 216 4463 3.
237 4397 285 4463 Τιι
300 4415 414 4462 manus
429 4401 587 4462 tortorum
601 4399 752 4462 cruentas

184 4491 214 4551 4.
238 4480 404 4563 Sprevisti,
421 4484 549 4546 secutus
566 4479 809 4545 desiderabilem
825 4483 922 4560 atque
936 4496 1032 4544 manu
1046 4475 1170 4544 fortem.

184 4571 214 4631 5.
236 4563 298 4644 Qui
313 4563 400 4631 solua
415 4565 521 4648 potuit
537 4581 636 4644 regna
650 4581 801 4646 superare
816 4563 944 4644 tyranni
959 4561 1105 4628 crudelia.

183 4653 212 4716 6.
233 4649 395 4731 Ouinsque
409 4653 538 4716 sanctus
554 4647 717 4729 sanguinis
730 4646 880 4732 prodigos
894 4647 971 4715 facit
985 4663 1074 4712 amor
1088 4645 1206 4714 milites
1221 4647 1300 4714 eius.
