3240 5224
707 247 933 308 -312-

175 434 204 494 3.
230 425 342 492 Carnis
357 425 514 491 lenocinia
847 428 876 488 5.
903 422 980 488 Post
995 423 1191 505 triumphum
1208 423 1353 489 habitum

230 508 341 575 Mundi
357 509 479 591 spernit
495 509 588 574 noxia
713 567 718 581 ,
902 505 945 572 Et
960 506 1084 572 felicem
1103 509 1222 572 exitum

230 593 471 658 Blandimenta:
904 591 958 655 Pie
972 591 1080 656 reddit
1094 592 1240 674 spiritum

231 677 440 742 Damnatum
458 677 588 742 incuriis
903 675 1125 754 Redemptori:

231 761 331 826 Duxit
345 779 402 842 pro
418 761 540 826 deliciis
902 757 1070 823 Proculus
1086 759 1253 826 dulcedine

232 843 274 909 Et
290 849 458 910 tormenta.
904 841 1001 908 Sacro
1018 841 1131 909 doctus
1146 843 1273 908 flumine

904 926 1003 991 Duxit
1017 923 1088 992 fuso
1104 928 1260 1009 sangnine

903 1009 1003 1075 Dulce
1017 1013 1108 1076 mori.

175 1101 205 1160 4.
232 1095 366 1160 Fontem
382 1095 467 1160 vitae
483 1094 594 1159 sitiens
848 1092 877 1152 6.
903 1093 1029 1174 Martyr
1044 1093 1252 1172 sanctissime,

231 1179 380 1244 Cucurrit
394 1197 456 1243 non
471 1178 610 1244 sentiens
902 1177 976 1242 Flos
991 1177 1140 1258 fragrans
1154 1177 1266 1243 intime

231 1263 436 1329 Lucrionem:
904 1261 1157 1328 hdiustarrosae
1173 1259 1416 1344 pulcherrimae,

232 1347 354 1413 Cuncta
369 1347 444 1412 tulit
459 1347 584 1428 patiens
902 1343 996 1426 Pugil
1011 1345 1185 1411 fortissime

231 1431 281 1496 hd
297 1431 415 1496 Christi
430 1429 604 1512 respiciens
903 1430 954 1496 Sis
969 1429 1059 1495 nohis
1076 1430 1195 1512 optime

231 1515 424 1582 Passionem.
901 1512 1002 1578 Tutor
1013 1515 1155 1597 corporis
1167 1521 1200 1579 et
1211 1513 1347 1580 animae.
1361 1513 1483 1576 Amen.

244 1622 338 1678 Text.
375 1621 665 1678 Miss.Golon.1620.
694 1649 728 1660 -
755 1621 855 1676 Daniel
874 1621 909 1690 11,
930 1625 988 1677 195.
1014 1623 1065 1677 hat
1083 1623 1128 1678 die
1146 1625 1164 1676 2
1183 1627 1273 1678 cretea
1291 1620 1388 1676 Zeileo
1408 1635 1485 1674 orte:

175 1695 297 1766 hntiquo
317 1693 451 1751 ecclesiae
471 1693 645 1750 coloniensis
663 1692 781 1746 Misaali.

729 1869 850 1878 .—..---.-
859 1871 916 1877 -—.-

512 1987 583 2048 438.
628 1981 670 2048 Io
691 1984 848 2049 corrumuoi
868 1985 966 2048 ouius
987 1982 1148 2066 orartyrls.

199 2097 227 2157 l.
249 2093 350 2158 Adest
364 2093 456 2158 nobis
471 2092 538 2158 dies
553 2094 637 2160 alma
652 2097 685 2159 et
699 2112 814 2175 magno
829 2093 947 2176 gaudio
962 2093 1067 2177 plena,

197 2178 226 2240 2.
249 2175 287 2240 In
302 2193 366 2256 qua
379 2183 490 2241 sancta
503 2175 570 2241 Deo
585 2183 679 2257 gruta
692 2178 871 2260 congaudet
885 2178 1029 2244 ecelesia.

198 2264 225 2324 3.
248 2259 353 2324 Hodie
368 2260 516 2326 coelestis
538 2263 634 2326 turha
656 2261 804 2342 laetatur,
827 2281 908 2343 qnae
931 2261 1065 2344 gloriam
1081 2265 1190 2326 cantat
1204 2262 1236 2326 in
1251 2258 1384 2325 excelsis
1400 2275 1484 2323 voce

327 2343 490 2409 dulcisone
505 2362 576 2408 cum
592 2345 787 2426 symphonia.

197 2431 226 2491 4.
248 2426 352 2492 Hodie
371 2429 518 2508 polorum
540 2435 651 2494 sancta
674 2431 802 2510 agmina
817 2429 1000 2496 collaudant
1019 2447 1126 2512 regem
1142 2429 1244 2494 Deum
1260 2435 1406 2494 nostrum
1421 2445 1483 2492 na·

326 2516 394 2576 tum
410 2531 447 2576 ex
463 2513 584 2592 virgine
599 2517 711 2578 sancta
725 2513 836 2578 Maria.

197 2599 226 2660 5.
248 2595 316 2661 Ave
330 2596 447 2678 inclyte
461 2603 583 2678 martyr
598 2596 728 2675 Christi,
745 2597 792 2676 N.‚
809 2597 868 2664 ilos
883 2597 1112 2680 pulcherrime;

197 2683 226 2744 3.
248 2678 295 2745 Tu
311 2681 447 2762 vestigia
462 2677 580 2745 Christi
597 2685 725 2747 secutus
740 2699 774 2746 es
789 2689 895 2748 mente
910 2683 1041 2760 devota;

198 2769 226 2828 7.
249 2765 381 2829 Aeterni
397 2766 481 2846 regis
496 2764 632 2846 adeptus
648 2783 682 2830 es
698 2783 805 2846 regua.

196 2851 226 2912 8.
248 2847 316 2913 Iam
332 2848 504 2929 gratrdaris
519 2847 551 2912 in
568 2847 660 2914 domo
676 2867 814 2932 superna
827 2850 996 2932 possidens
1011 2849 1103 2916 sedes
1118 2848 1228 2916 almas.

197 2935 225 2996 9.
248 2931 293 2996 Te
310 2932 508 3014 postulamus
522 2936 557 2997 ot
571 2933 731 3013 poscimus
747 2953 819 3012 una,

178 3019 226 3080 10.
250 3015 375 3081 Adiuua
390 3022 445 3080 tuo
460 3020 570 3081 sancto
587 3015 738 3099 suffragio
753 3017 900 3099 fragilem
915 3019 1013 3084 vitam
1029 3023 1177 3085 nostram.

178 3105 226 3166 11.
249 3098 276 3164 0
291 3099 393 3178 beate,
410 3117 429 3162 o
444 3105 552 3166 sancte
567 3099 616 3180 N„
632 3119 688 3184 pro
704 3103 795 3168 nohis
811 3101 963 3186 supplice,

178 3188 227 3247 12.
249 3181 295 3248 Ut
308 3202 373 3249 una
387 3201 566 3250 mereamur
580 3191 692 3250 sancta
707 3186 865 3253 coelomm
881 3186 1002 3266 templo

177 3271 225 3332 13.
248 3265 426 3348 Possidere,
443 3268 519 3335 laeti
534 3277 700 3335 cernentes

178 3356 226 3417 14.
249 3351 343 3417 Alma
357 3353 485 3434 gaudia,
501 3371 582 3434 quae
597 3357 671 3420 sunt
686 3353 792 3435 plena.

177 3439 224 3500 15.
246 3433 296 3500 Sit
309 3435 378 3500 Deo
394 3436 491 3518 salus,
508 3437 608 3504 honor
623 3443 656 3502 et
670 3437 817 3504 iubilatio
835 3442 934 3516 casta,

177 3523 225 3584 16.
249 3517 310 3596 Qui
325 3523 441 3602 regnat·
454 3539 511 3603 per
525 3523 631 3587 omnia
646 3522 846 3587 saeculorum
862 3520 998 3588 saecula.

176 3609 213 3670 11
219 3653 225 3667 .
248 3603 349 3668 Amen
364 3603 472 3670 dicant
487 3605 601 3671 omnia.

245 3729 270 3768 a.
288 3711 383 3768 Text.
421 3713 509 3768 Neale
527 3729 554 3783 p.
573 3716 634 3769 225.
654 3727 669 3768 c
688 3714 767 3771 Miss.
785 3713 959 3770 Nidrosiensi
980 3714 1056 3768 1519,
1094 3741 1127 3754 -
1163 3711 1265 3767 Daniel
1284 3711 1318 3782 V,
1338 3713 1398 3768 337.
1426 3710 1478 3768 luat

174 3783 226 3838 oen
245 3781 316 3838 Text
334 3801 387 3839 oros
405 3785 501 3840 Neale.

245 3871 271 3924 b.
290 3868 446 3926 Beurerlr.
483 3871 563 3941 „Der
581 3871 716 3944 Einyauy
734 3873 841 3926 soluerat
857 3887 931 3942 your
949 3887 986 3926 eu
998 3872 1104 3940 schlam,
1123 3871 1168 3925 die
1191 3869 1288 3926 Worte
1306 3867 1478 3925 άιν1.Ζείῑο

174 3941 241 3995 siud
267 3942 367 3996 boreale
392 3943 442 3997 der
466 3949 538 3998 arete
565 3943 679 3998 Stellae.
721 3941 783 3998 Wie
810 3944 859 3998 der
877 3942 1019 4014 Dracone,
1047 3958 1079 3997 so
1101 3943 1176 4010 fehlt
1196 3942 1269 3998 auch
1287 3943 1336 3996 der
1354 3941 1477 4009 Schlues,

173 4012 363 4138 §ealrrwhmen
391 4014 486 4070 dicant
513 4016 606 4071 omnia
631 4017 671 4070 ist
697 4014 930 4070 wahrecheiulich
958 4015 1003 4068 eiu
1028 4015 1159 4070 unrehter
1185 4013 1320 4072 Zuootaf‘
1356 4011 1477 4068 Bartsch

722 4221 871 4228 ——-—---
887 4222 917 4228 -η

616 4341 688 4401 439.
731 4335 785 4402 De
805 4357 869 4403 uuo
890 4341 1037 4420 martyre.

177 4457 203 4519 l.
228 4451 423 4520 Iocundetur
438 4471 476 4518 ex
492 4451 607 4519 affectu
901 4453 1028 4521 Laudes
1043 4453 1111 4520 Deo
1127 4447 1327 4520 decantando

230 4537 354 4604 Chorus
368 4543 479 4604 noster
492 4539 525 4603 in
543 4541 725 4626 conspectu
903 4539 1141 4622 Martyremque
1163 4535 1374 4604 collaudando

229 4621 378 4693 Summae
392 4623 472 4691 coeli
486 4622 610 4690 euriae:
901 4620 1286 4708 Triumphantemhodie.
