3234 5246
698 331 930 398 ...407-

187 515 215 576 5.
234 509 350 578 Sancte
363 515 477 593 mysta,
494 510 675 580 telaudare
858 520 888 581 8.
908 513 1328 598 Aredecusconfessornm,

234 596 307 662 Iac
323 594 479 672 Christus,
495 601 656 664 etvocare
907 599 1078 664 Normatu
1115 598 1363 682 resbyterorum,

263 684 295 746 st
310 679 460 760 dignatus
475 680 592 746 lilium:
907 681 1062 750 Ubiorum
1078 619 1196 764 gioria:

235 763 318 829 Diva
333 765 422 845 virgo
436 765 496 830 tibi
509 763 599 846 favit,
906 765 1304 849 Tuanosteropatrone,

234 847 361 930 Ioseph,
378 866 527 930 sponsum
543 853 575 913 te
591 852 724 931 vocavit,
909 851 968 918 Est
981 851 1015 916 in
1030 851 1251 918 benedictione

236 930 452 1014 Capelianum,
468 929 578 1000 filium.
906 934 1022 1001 Merito
1038 935 1200 1001 memoria.

187 1017 216 1079 6.
236 1014 309 1081 Tibi
324 1033 451 1162 quotins
466 1015 651 1100 desponsari
860 1019 889 1081 9.
909 1017 978 1084 Tua
995 1019 1224 1085 intercessione

236 1099 298 1164 Per
312 1117 394 1180 ange
407 1118 453 1177 os,
469 1106 502 1166 et
516 1101 638 1183 portari
909 1103 995 1168 Iram
1009 1102 1112 1186 placa,
1127 1102 1243 1185 loseph
1257 1101 1349 1184 bone,

236 1183 286 1250 Ad
301 1188 334 1250 te
349 1183 455 1249 Iesum
470 1185 587 1250 voluit:
908 1185 1032 1252 Irritati
1049 1187 1203 1252 numinis:

237 1266 382 1345 Quantus
396 1275 490 1348 esset,
507 1275 540 1334 et
553 1271 745 1350 quantorrmr
908 1271 1053 1351 Loquere
1069 1289 1126 1354 pro
1141 1271 1232 1336 nobis
1248 1269 1342 1351 bona,

237 1351 329 1434 Apud
344 1351 448 1416 Deum
463 1353 659 1434 meritorum,
911 1353 1096 1420 Gratiarum
1111 1354 1306 1437 poscedona

237 1433 378 1516 Angelus
394 1435 530 1502 edocuit.
910 1437 1109 1520 Veniamque
1126 1438 1274 1504 criminis.

190 1517 218 1579 7.
237 1515 324 1601 Ergo
342 1519 437 1602 digne
452 1526 484 1586 te
500 1519 676 1600 laudamus,
843 1521 891 1581 10.
911 1521 960 1586 Tu
975 1523 1091 1588 exaudi
1106 1539 1225 1606 preces,
1240 1521 1376 1603 Christe,

238 1601 307 1668 Tua
321 1601 403 1670 festa
418 1605 614 1670 celebramus
911 1605 1096 1688 Tuusquas
1110 1607 1308 1674 amicusiste

239 1687 352 1769 Digne,
366 1693 399 1752 te
415 1687 619 1772 suspicimus:
910 1688 1030 1755 Fundit
1044 1708 1101 1772 pro
1117 1689 1307 1758 clientibus:

239 1771 351 1852 Deum,
366 1771 421 1853 qni
435 1773 478 1838 ad
493 1790 552 1838 nos
567 1777 599 1836 te
613 1771 711 1850 misit,
912 1769 958 1838 Ut
973 1779 1006 1838 et
1021 1774 1141 1840 servuli
1155 1793 1213 1840 nos
1227 1775 1276 1840 tui

237 1853 308 1920 'fibi
323 1859 431 1922 tantas
445 1857 500 1938 qui
515 1855 625 1922 divisit
913 1855 992 1922 Cum
1009 1876 1046 1924 eo
1061 1859 1220 1940 possimus
1234 1857 1298 1924 frui

239 1937 350 2020 Dotcs,
367 1939 596 2006 benedicimus.
913 1940 1047 2008 Gaudiis
1066 1942 1268 2010 coelestibus.

239 2044 333 2104 Tect.
371 2049 472 2105 Daniel
490 2047 524 2118 V,
543 2049 595 2104 257
614 2061 651 2102 ex
667 2047 728 2102 Act.
748 2047 910 2104 Sanctorum
929 2049 997 2120 Apr.
1017 2049 1076 2106 Vll.

602 2383 673 2444 600.
717 2377 770 2444 De
790 2399 817 2444 1.
839 2378 1043 2463 Hieronymo.

170 2499 249 2628 lew
267 2515 304 2554 aa
321 2496 440 2552 Stridon
456 2497 489 2550 ia
507 2496 676 2552 Pannonica
693 2498 832 2552 ewiecben
850 2500 1002 2564 329-342,
1031 2497 1096 2552 licea
1123 2497 1184 2553 siclt
1203 2503 1300 2567 epuler
1325 2497 1369 2554 dei
1385 2495 1471 2555 Beta-

194 2571 255 2627 ltem
272 2573 305 2624 in
322 2570 410 2624 111111
427 2568 536 2623 lcleioca
556 2567 632 2623 Zelte
650 2569 841 2694 111111νὲ0ωῇ
837 2585 872 2695 ενι
880 2585 932 2707 im
950 2571 993 2624 30.
1012 2568 1088 2638 Sept.
1107 2571 1161 2623 420
1179 2569 1268 2637 etorb,
1296 2569 1407 2624 cerebrt
1426 2585 1471 2625 cm

781 2681 787 2694 .
837 2657 880 2710 p.

195 2770 222 2829 1.
244 2759 607 2842 Laudemuscbristum,
623 2761 677 2843 qni
687 2765 929 2827 estsanotorum
942 2779 1035 2828 verus
1046 2763 1196 2846 splendor
1207 2761 1290 2828 idem
1304 2769 1336 2830 et
1348 2769 1473 2830 creator

194 2852 223 2912 2.
246 2845 342 2927 Cocli,
357 2851 474 2924 terrae,
490 2847 599 2926 maris,
615 2846 801 2928 angelorum
817 2851 851 2912 et
865 2843 1038 2912 bominum.

195 2935 222 2996 3.
246 2929 291 2996 Te
306 2931 409 2996 solum
424 2929 527 2995 Deum
541 2929 728 3010 profitemur
742 2935 774 2994 et
790 2929 961 3010 dominum,

194 3020 223 3080 4.
245 3013 306 3092 Qui
321 3015 520 3080 confessores
536 3011 649 3091 fecisti,
664 3017 702 3077 ut
717 3013 821 3078 salvos
835 3011 959 3078 faceres

195 3103 223 3169 5.
244 3099 311 3165 Nos
326 3117 346 3164 a
359 3099 511 3180 peccatis,
527 3099 573 3163 sic
588 3103 731 3163 nostram
746 3115 912 3163 assumens
928 3095 1107 3162 formulam.

194 3187 223 3248 6.
246 3183 369 3250 Horum
384 3183 424 3248 de
439 3199 536 3265 grege
550 3181 601 3247 lex
616 3182 820 3248 sacerdotum
834 3182 999 3264 prooessit,
1013 3184 1063 3246 vir
1078 3182 1136 3247 Dei
1150 3181 1349 3264 leronymus,

193 3273 222 3332 7.
245 3266 307 3344 Qui
322 3268 376 3332 lux
391 3267 545 3332 immensa
559 3267 592 3330 in
607 3265 724 3347 templo
739 3265 800 3330 Dei
814 3263 949 3345 refulsit,
964 3271 1002 3330 ut
1017 3266 1111 3331 stella
1125 3266 1158 3330 in
1172 3266 1298 3331 nebula.

192 3356 222 3417 8.
244 3351 306 3417 Hic
320 3350 414 3415 bomo
431 3351 549 3416 domini
565 3355 659 3415 natus
674 3353 725 3414 est
739 3349 929 3425 Dalmatiae,
944 3347 1030 3414 lotus
1046 3349 1249 3431 baptismate.

194 3440 223 3503 9.
246 3435 330 3500 Hinc
344 3435 465 3500 Romae
479 3435 588 3500 latinis
603 3438 636 3498 et
649 3433 774 3514 graecis
789 3433 942 3498 imbuitur
957 3431 1075 3498 litteris
1089 3431 1243 3515 adprime.

175 3525 223 3589 10.
246 3519 408 3584 Donatum
423 3519 537 3584 babuit
550 3522 788 3600 praeceptorem
802 3517 836 3582 in
850 3523 920 3583 arte
934 3516 1152 3600 grammatica,
1178 3517 1393 3600 septiformem
1409 3518 1473 3600 spi·

324 3603 421 3668 ritum
435 3603 626 3668 lustrantem
642 3609 675 3666 et
690 3601 826 3668 electum
841 3619 897 3668 vas
912 3601 974 3668 sibi
989 3605 1244 3684 praeparantem.

177 3692 225 3752 11.
247 3685 420 3766 Poamoam
434 3704 560 3751 omnem
575 3685 807 3751 mundanarum
823 3687 963 3766 capitum
978 3684 1158 3752 litterarum
1180 3692 1230 3752 est
1244 3687 1381 3767 adeptus
1407 3690 1474 3754 stu·

324 3769 421 3848 diurn,
438 3775 620 3834 sanctorum
635 3769 805 3853 probatum
821 3773 870 3834 est
885 3775 1086 3836 consectatus
1101 3769 1241 3835 virorum
1255 3769 1410 3850 habitum,

178 3853 226 3916 12.
249 3849 375 3918 Tenens
390 3852 538 3917 continua
553 3871 634 3934 quae
648 3855 709 3920 tibi
722 3854 861 3936 placent,
877 3869 896 3918 o
911 3871 988 3918 vera
1002 3854 1168 3936 sapientia,

177 3939 226 4002 13.
248 3935 368 4003 Mentis
382 3937 580 4015 munditiem,
596 3935 769 4002 fraternam
785 3955 893 4002 curam
908 3942 941 4002 et
955 3939 1060 4006 carnis
1075 3939 1314 4003 continentiam.

178 4025 226 4085 14.
248 4019 293 4085 Te
307 4037 417 4087 rernm
431 4021 534 4085 Deum
550 4023 600 4084 est
614 4021 766 4101 imitatur,
784 4019 891 4086 divina
926 4021 1010 4086 retia
1024 4021 1175 4104 repletus.

177 4108 226 4170 15.
249 4103 368 4171 Multos
381 4103 545 4199 instruxit,
560 4121 670 4169 omnes
684 4106 808 4170 monuit
822 4039 1038 4188 mundumque
1053 4123 1203 4188 spernere
1216 4103 1409 4172 informavit.

178 4192 225 4254 16.
248 4189 425 4256 Ecclesiam
441 4185 560 4252 Obrrsti
574 4185 678 4252 verbis
693 4194 726 4254 et
740 4185 833 4255 faeda
848 4191 973 4273 plenius
988 4189 1170 4256 illustravit.

178 4277 227 4336 17.
249 4272 299 4338 Er
313 4271 455 4340 moribus
469 4269 681 4352 refulgentem
696 4273 755 4338 das
769 4274 879 4340 multis
893 4275 999 4356 ipsum
1015 4273 1163 4357 priorem.

177 4360 226 4422 18.
248 4357 311 4422 Hic
324 4359 481 4424 talentum
497 4355 655 4420 creditum
669 4359 813 4439 reportat
828 4357 966 4433 domino,
994 4359 1140 4440 huncque
1154 4377 1251 4441 super
1265 4358 1349 4426 bona
1363 4363 1477 4426 cuncta

326 4442 412 4508 locat
426 4445 458 4506 et
471 4441 501 4506 ei
515 4443 698 4520 conregnat,

179 4525 352 4603 1101111
376 4526 461 4590 inter
485 4523 631 4590 convivia
656 4521 802 4591 coelestis
827 4526 951 4605 gratiae
977 4523 1125 4592 Christus
1150 4527 1222 4594 iam
1240 4528 1396 4610 suscepit,
1426 4529 1476 4593 cui

326 4615 432 4675 mente
446 4608 533 4674 fideli
548 4607 705 4688 adhaesit,

179 4695 230 4761 20.
252 4692 363 4776 Qualis
378 4693 420 4760 sit
433 4698 503 4760 tute
518 4693 628 4776 cernit,
644 4696 676 4758 te
689 4690 765 4776 quia
780 4691 890 4776 sitivit,
906 4693 982 4782 quia
997 4711 1122 4778 semper
1136 4696 1169 4760 te
1184 4694 1317 4780 optarit.
