3210 5230
695 335 924 398 -596-

169 525 197 586 5.
223 516 271 585 Tu
286 537 402 600 sponsa
418 537 452 584 es
467 521 552 602 regis
567 518 721 597 aetherei,
843 525 872 584 7.
898 519 991 586 Alma
1007 517 1126 584 cecilia

225 603 660 676 Immobilisoommnafidei.
897 603 1111 669 interventrix
1125 605 1178 685 pia

223 687 272 752 Tu
288 687 403 752 cellula
418 687 506 753 floris
522 688 655 768 virginei
898 687 1031 752 Miseros
1045 687 1173 752 exaudi:

223 771 416 852 Lampadem
433 778 543 855 portas
558 771 684 853 plenam
702 771 772 836 olei.
897 772 945 835 De
961 772 1020 837 hac
1035 773 1132 838 iaecis
1147 772 1200 835 lue

897 856 987 920 Educ
1003 858 1092 938 virgo
1107 863 1182 921 tuae

898 939 1092 1005 desistentes
1107 939 1204 1004 laudi.

168 1029 196 1094 0.
223 1025 271 1089 Tu
287 1024 416 1088 domina
430 1022 470 1088 de
485 1027 578 1088 nocte
593 1023 698 1088 media
843 1029 872 1089 8.
899 1022 945 1088 Ut
959 1043 1029 1090 111
1046 1043 1120 1089 vera
1136 1025 1304 1090 Salomone

224 1109 303 1172 Cum
319 1109 468 1188 lampade
484 1109 624 1173 occrrrris
640 1107 735 1174 obvia
900 1106 1016 1174 Sintia
1034 1107 1231 1173 exultatione

224 1193 314 1257 Felix
331 1192 381 1256 cui
396 1191 580 1273 panduntur
595 1193 680 1258 ostia
900 1191 1061 1257 iustorum
1077 1190 1293 1258 tabernaculis

226 1276 277 1342 ild
292 1277 416 1342 aeterni
430 1276 517 1358 regis
532 1278 686 1344 convivia.
899 1275 936 1341 ln
951 1278 1128 1342 seculorum
1143 1275 1267 1342 seculis.

515 1545 587 1606 890.
630 1541 771 1624 11119111·
793 1541 930 1622 episcopi
951 1541 1120 1624 sequentia.

166 1659 307 1728 (Geborcn
334 1661 390 1728 auf
414 1655 695 1712 ermenteriarum
722 1659 765 1712 bei
783 1657 912 1713 Doricam
930 1659 961 1712 in
979 1655 1135 1712 Fricsland
1163 1673 1210 1710 111
1237 1657 1289 1710 cos
1312 1656 1388 1712 Johr
1407 1661 1472 1727 746,

251 1731 369 1800 Apostel
388 1730 437 1784 der
456 1729 588 1798 Sochsen,
606 1730 814 1799 9111111126.
834 1729 1001 1796 1111111809,
1021 1729 1131 1784 11111111
1150 1745 1195 1783 am
1214 1731 1258 1781 26.
1277 1726 1386 1798 ilici-rs.)

189 1860 216 1918 1.
240 1851 322 1918 Cleri
339 1851 488 1916 decantet
502 1851 607 1914 contio
622 1849 682 1915 Dei
698 1849 817 1916 lamule
833 1851 929 1932 digua
945 1849 1113 1932 praeconia
1124 1851 1272 1932 Ludgero
1287 1855 1394 1916 mente
1404 1851 1469 1933 pia.

187 1945 216 2002 2.
240 1937 300 2013 Qui
317 1935 384 2016 regi
399 1935 519 2016 placuit
534 1953 656 2000 summo
673 1935 802 2000 virtutis
817 1937 982 2015 obsequio.

187 2027 215 2086 3.
239 2021 387 2098 Quoiam
404 2019 579 2100 promeruit
595 2020 694 2086 sacris
711 2021 825 2086 ascribi
843 2019 1012 2084 caelicolis.
1596 2063 1597 2110 ἦ

187 2115 216 2174 4.
239 2105 299 2170 Η11
324 2103 444 2186 primus
470 2101 611 2184 pontifex
637 2122 695 2168 suo
720 2102 889 2186 praefulsit
910 2100 1071 2185 oppidulo,
1093 2119 1156 2183 quo
1177 2101 1323 2184 praesule
1342 2102 1472 2183 plaudit
1596 2111 1597 2170 1

313 2195 401 2252 terra
416 2189 474 2252 tali
489 2188 617 2252 concive
634 2187 719 2253 clara
734 2188 812 2252 coeli
828 2187 948 2269 gaudet
964 2185 1060 2251 curia.

187 2280 215 2338 5.
239 2272 318 2348 Quis
338 2275 447 2336 tantas
469 2273 581 2336 vineae
600 2271 704 2336 cultor
726 2273 843 2336 domini
867 2277 917 2336 cst
937 2275 969 2334 et
983 2275 1098 2350 rector,
1122 2271 1193 2352 quis
1212 2271 1245 2336 in
1267 2269 1361 2335 domo
1381 2270 1471 2352 regis

316 2355 428 2420 summi
446 2361 596 2435 procurat
610 2356 679 2418 nelo
695 2355 752 2420 tali
767 2354 919 2420 larniliam
939 2353 1067 2420 domini.

188 2449 216 2508 6.
239 2439 300 2502 llic
319 2445 370 2503 est
390 2437 553 2518 speculum
576 2440 779 2520 praelaturae
801 2439 975 2522 principum
997 2439 1077 2503 dans
1098 2455 1232 2518 aequam
1253 2436 1470 2520 posterisfor·
1596 2429 1597 2438 ’

316 2539 410 2599 mam,
427 2539 490 2602 qua
504 2529 618 2604 regant
633 2523 808 2589 ecclesiam.

187 2613 216 2672 7.
240 2605 329 2671 idem
351 2606 455 2669 iunior
477 2607 690 2688 parsimoniae
712 2613 858 2674 servator
880 2607 1015 2672 exclusit
1037 2625 1056 2672 a
1078 2624 1113 2672 se
1128 2606 1237 2670 laxum
1253 2605 1336 2670 vitae
1350 2621 1472 2670 vacans

315 2689 503 2772 theologiae.
1596 2747 1597 2760 .

187 2781 216 2841 8.
240 2775 311 2853 Qua
332 2773 400 2839 Deo
419 2773 541 2854 templa
561 2774 738 2839 construxit
757 2778 790 2839 et
811 2775 907 2856 ydola
927 2771 1095 2848 destruxit,
1120 2791 1195 2838 nem
1215 2773 1357 2840 docendo
1372 2771 1470 2838 fidem
1596 2775 1597 2778 ’

316 2865 435 2922 rectam
452 2875 636 2941 perversam
651 2857 809 2924 convertit
824 2865 942 2923 sectam
958 2859 1073 2938 fugans
1088 2857 1291 2938 ydolatriam.
1596 2861 1597 2922 i

187 2950 216 3009 9.
239 2945 266 3009 0
281 2948 421 3025 quantus
437 2948 506 3006 erat
521 2943 611 3023 gregi
627 2949 747 3025 pastor,
762 2959 856 3023 quam
872 2945 943 3024 prius
957 2943 1156 3020 informator,
1171 2959 1266 3022 qnam
1281 2941 1394 3008 hilaris
1404 2941 1471 3008 iste
1596 2953 1597 3020 J

317 3027 411 3090 dator
425 3025 626 3092 sustentabat
640 3031 728 3092 veste
742 3027 844 3091 nudos
860 3027 992 3108 ciboque
1007 3025 1178 3091 iarnelicos.
1596 3037 1597 3108 j

169 3117 215 3176 10.
239 3111 300 3176 Hic
325 3127 416 3174 sacer
440 3111 574 3176 antistes
601 3113 637 3174 ut
661 3110 708 3174 sol
734 3109 895 3192 refulgens
921 3111 953 3174 in
979 3110 1096 3193 templo
1118 3109 1175 3174 Dei
1198 3112 1324 3176 sanavit
1345 3109 1470 3176 debiles
1596 3109 1597 3172 ἲ

317 3195 566 3274 desperatosque
582 3193 722 3258 reddidit
736 3196 813 3276 spei.
1596 3231 1597 3240 .

168 3283 215 3342 11.
240 3277 301 3354 Qui
322 3279 420 3342 meris
442 3279 614 3344 virtutibus
636 3279 789 3360 mirisque
811 3280 910 3360 signis
933 3276 1041 3344 floruit
1066 3278 1154 3343 lucra
1169 3277 1209 3344 de
1223 3277 1355 3344 talentis
1370 3279 1470 3360 quina
1596 3241 1597 3326 Ῐ

314 3363 419 3443 quinis
434 3361 559 3426 obtulit.

169 3448 217 3508 12.
240 3445 282 3510 Et
298 3463 371 3510 ecce
386 3446 533 3510 daminus
548 3445 632 3510 hunc
646 3451 790 3511 sanctum
807 3465 900 3527 qnam
917 3445 1048 3527 pulchre
1064 3442 1250 3510 mirificavit.

168 3535 215 3594 13.
239 3529 300 3606 Qui
323 3547 432 3594 caecos
457 3531 566 3596 oculos
587 3535 733 3612 potenter
754 3531 930 3596 reformans
955 3529 1149 3595 illuminavit
1168 3547 1276 3593 curem
1291 3529 1469 3612 paraliticis
1596 3581 1597 3614 .

313 3613 500 3696 claudisque
515 3631 658 3694 gressum
674 3611 787 3678 tribuit
802 3621 835 3678 et
848 3615 953 3680 snrdis
968 3613 1111 3678 auditum
1128 3631 1204 3676 sane
1218 3615 1370 3679 restituit.

167 3703 215 3763 14.
238 3695 414 3772 Qnemdam
437 3697 631 3778 discerptum
653 3697 852 3763 membratim
873 3705 970 3780 atque
991 3705 1138 3762 necatum
1160 3697 1299 3763 collectis
1313 3697 1468 3762 memhris
1596 3775 1597 3786 χ

313 3779 440 3845 reduxit
454 3782 495 3846 ad
511 3783 595 3846 vitae
611 3785 739 3846 statum.

167 3870 214 3929 15.
238 3865 384 3930 Alterum
408 3881 484 3930 vero
510 3864 679 3947 quemdam
703 3882 893 3960 suspensum
919 3865 1062 3950 patibulo
1089 3863 1168 3928 1111
1193 3865 1289 3932 solvit
1309 3883 1329 3930 a
1351 3863 1467 3930 mortis

167 4037 214 4096 16.
238 3951 484 4114 11111ῗέ93311
498 4033 636 4113 plurima
651 4029 774 4114 fugavit
789 4032 955 4098 daemonia
970 4034 1098 4099 coelesti
1115 4032 1314 4114 praepollens
1329 4031 1443 4114 gratie.

166 4122 214 4180 17.
238 4115 314 4191 Quis
334 4118 418 4214 tanti
438 4124 530 4212 gesta
551 4116 714 4198 praeclare
735 4117 828 4198 plene
849 4119 1081 4195 commendare,
1107 4119 1179 4198 quis
1200 4123 1315 4184 cuncta
1329 4133 1467 4200 pensare

165 4287 212 4350 18.
236 4207 663 4432 Quosltgffgapssdgriffclaret
691 4285 860 4366 cuiuslille
886 4287 997 4351 doctor
1022 4283 1171 4350 defensor
1196 4289 1229 4350 et
1253 4289 1361 4350 rector
1381 4281 1466 4349 fidus

312 4387 350 4432 ex
368 4387 378 4431 r
394 4387 404 4432 r
421 4415 428 4430 .

165 4456 213 4516 10.
238 4451 306 4517 Η11
322 4457 445 4516 rectore
459 4453 598 4516 laetatur
613 4471 696 4518 nunc
713 4453 908 4536 westphalia
928 4471 1007 4534 gens
1030 4451 1148 4536 gaudet
1162 4451 1362 4518 Brabantina
1378 4451 1466 4518 laeto
1596 4437 1597 4442 ἵ

313 4553 428 4602 cancre
443 4536 576 4616 plaudet
591 4535 724 4601 Phrisia.

167 4626 215 4686 i.0
238 4619 320 4686 Nam
335 4639 394 4702 per
409 4619 477 4684 eins
493 4618 668 4696 doctrinam
685 4625 717 4685 et
732 4621 880 4686 solatium
896 4626 969 4702 post
983 4621 1076 4687 huius
1092 4621 1176 4688 vitae
1192 4637 1318 4686 cursum
1334 4619 1466 4702 capiunt
1596 4621 1597 4712 Q

312 4723 407 4772 verae
422 4703 506 4770 vitae
521 4703 675 4770 bravium.
