3266 5222
694 179 927 246 -226-

487 365 557 428 300.
601 361 654 426 Dc
675 363 793 428 soractis
815 361 930 428 Μανία
950 365 979 426 et
997 359 1129 428 salome.

162 505 188 564 l.
214 495 418 563 Gaudeamus
432 494 538 574 hodie,
888 495 1060 578 Nuptaque
1073 494 1213 578 Alpheo;

213 581 392 648 Immensae
407 579 552 644 laetitiae
888 581 952 646 Sed
968 580 1080 660 Maria,
1097 579 1163 644 iilia
1177 579 1313 660 Salome,

213 664 567 731 Laudesextollantur:
889 665 994 730 Datur
1007 662 1180 729 Zebedaeo.

213 749 297 814 Dum
312 749 442 830 reginae
457 749 579 830 gloriae
835 754 863 813 6.
889 749 994 814 Maria
1008 747 1201 829 Magdalena

215 835 348 899 Sorores
363 833 521 914 egregiae,
888 833 1022 914 Hacque
1038 831 1096 896 Dei
1111 832 1223 897 matris
1238 849 1361 898 sorores

215 919 327 982 Annae
343 915 532 990 duaeliliae,
889 915 1046 982 Emerunt
1059 919 1214 995 aromata,

216 1000 425 1066 Coronantur.
889 999 1215 1083 Mysticoshabentes
1231 997 1352 1080 odores,

162 1109 191 1168 2.
216 1101 337 1166 Felices
353 1099 472 1166 Christi
487 1104 682 1168 materterae
890 1085 1063 1166 Cupientes
1080 1082 1200 1148 Chiiflti
1214 1084 1379 1150 vulnerum

216 1185 260 1249 Et
275 1203 401 1250 sorores
417 1183 625 1250 Christiierae
892 1166 1020 1264 Uflgssl'e
1036 1166 1153 1264 liVOPQS
1184 1249 1190 1263 ,

218 1268 298 1334 Cum
312 1269 466 1334 virtutum
481 1287 612 1334 munere
892 1253 934 1318 Et
948 1252 1058 1316 dicunt
1073 1249 1277 1315 adinvicem:

217 1353 267 1416 Ad
284 1353 386 1418 coelos
400 1354 611 1435 applicantur.
892 1335 970 1413 Quis
986 1335 1128 1432 revolvet
1142 1334 1235 1400 nobis
1249 1333 1387 1418 lapidem

164 1459 193 1518 3.
220 1451 540 1519 Gratulaturcivjum
892 1417 1241 1500 Adsepulchrriores?

219 1537 337 1602 Gaetus
352 1555 561 1619 supernorum
838 1505 867 1564 ⁷·
893 1505 972 1570 0ri0
987 1503 1063 1568 ⁵0¹i8
1080 1503 1171 1568 radi0

218 1622 256 1686 In
270 1621 386 1687 festiva
401 1621 603 1686 solemnitate
892 1587 1186 1736 ffizffllfsigffimf

218 1706 583 1828 permansurum,
895 1752 1213 1834 umeruserrmus,

165 1825 195 1883 4.
221 1813 342 1880 Eodem
358 1831 483 1880 nomme
498 1819 641 1896 vocatae,
894 1840 993 1905 peste
1009 1837 1207 1903 delectabilis

220 1899 313 1996 Illius?
329 1899 502 1996 danctime
895 1925 1011 1988 Amoto
1026 1921 1189 2004 signaculo

222 1981 366 2048 N⁰m¹¹¹¹⁸
380 2000 516 2061 ⁸⁰r⁰f0⁵=
554 2067 560 2080 ,
895 2007 1048 2072 Reserate
1064 2006 1188 2071 tumulo

221 2067 348 2132 Pollent
362 2067 462 2132 multo
478 2069 644 2147 gratiores.
897 2091 961 2156 Eas
977 2093 1022 2157 sic
1036 2090 1167 2157 affatur:

168 2179 197 2240 5.
223 2175 327 2240 Maria
340 2175 471 2241 minoris
486 2174 594 2241 Iacobi
608 2180 721 2254 mater,
896 2176 968 2242 Non
983 2179 1033 2241 est
1046 2176 1098 2240 hic
1112 2191 1205 2256 quem
1225 2171 1368 2253 queritis,

223 2258 322 2324 Cuius
337 2258 431 2325 homo
445 2259 558 2338 iustae,
897 2259 960 2325 Sed
974 2259 1122 2338 surrexit,
1137 2263 1174 2322 nt
1187 2256 1277 2334 dixit,

224 2342 390 2426 cleophae,
407 2348 592 2424 eratpater,
898 2344 1018 2410 Vivens
1032 2343 1197 2424 gloriatur.
1223 2339 1369 2406 Alleluia.

239 2449 331 2506 Teat.
367 2451 458 2507 Morel
476 2451 528 2506 No.
546 2453 608 2507 498.
627 2450 655 2506 S.
674 2454 736 2506 280.
756 2466 823 2506 aas:
848 2449 901 2506 Ηε.
929 2467 966 2507 aa
991 2451 1033 2506 St.
1053 2449 1155 2506 Gallae
1181 2449 1233 2505 No.
1253 2451 1305 2504 546
1325 2446 1473 2518 (Euander)

169 2521 216 2578 Bl.
235 2525 296 2578 307.
315 2525 367 2580 mit
385 2524 435 2579 der
454 2521 584 2578 Malacae.
775 2567 778 2574 .
1147 2551 1150 2556 ·

541 2791 613 2854 301.
656 2787 707 2855 Dc
727 2786 814 2854 teoto
835 2785 950 2852 Μανία
968 2784 1098 2866 arpina.

174 2929 201 2988 1.
225 2921 337 2988 Gaude
357 2919 418 2986 Dei
439 2920 586 3003 genitrix,
613 2939 708 3003 quam
730 2921 938 2988 circumstant
959 2917 1167 2984 obstetricum
1189 2915 1257 2982 vice
1272 2914 1473 2980 concinentes

320 3005 426 3086 angeli
439 3005 574 3086 gloriam
588 3005 667 3071 Deo.
1408 3081 1414 3096 .
1452 3081 1459 3094 ,

172 3097 200 3155 2.
224 3089 349 3157 Christe
370 3091 472 3172 patris
491 3091 607 3168 unice,
619 3090 674 3172 qui
692 3089 862 3156 humanam
884 3088 984 3154 nostri
999 3104 1097 3154 causa
1111 3083 1247 3150 formam
1261 3087 1471 3164 assumpsustr,

319 3171 427 3240 refove
442 3173 604 3257 supplices
615 3177 698 3240 tuos.

171 3265 200 3324 3.
222 3257 265 3324 Et
278 3277 411 3342 quorum
426 3259 613 3342 participem
629 3263 662 3324 te
675 3256 744 3324 fore
761 3257 910 3339 dignatus
925 3275 960 3322 cs
980 3256 1064 3336 Iesu,
1088 3253 1257 3334 dignanter
1276 3268 1386 3316 eorum
1401 3265 1471 3315 sus·

320 3361 389 3426 cipe
402 3361 522 3426 preces,
587 3389 593 3401 .

170 3433 200 3491 4.
222 3425 267 3493 Ut
281 3428 368 3511 ipsos
384 3428 561 3494 divinitatis
576 3431 652 3493 tuae
666 3425 841 3508 participes
855 3427 942 3492 Deus
956 3423 1062 3489 iacere
1077 3420 1218 3502 digneris
1231 3419 1323 3485 unice
1337 3417 1406 3484 Dei.

241 3536 336 3592 Text.
372 3537 451 3596 Miss.
469 3536 641 3594 Helberstat.
661 3537 739 3590 1611.

721 3700 792 3708 ,--..
797 3700 837 3706 ...-
841 3699 877 3704 ...-
885 3699 917 3705 .--

539 3817 609 3879 302.
653 3813 705 3880 De
725 3811 814 3879 beata
835 3811 950 3877 Μανία
969 3807 1100 3891 adfine.

172 3957 199 4017 1.
224 3951 336 4017 Gaude
352 3949 466 4028 Man'a,
843 3951 872 4012 3.
899 3944 1011 4010 Gaude
1025 3943 1148 4039 Maria,-
1255 4023 1272 4038 ..

225 4035 300 4100 Tem
323 4035 388 4100 lum
404 4051 547 4100 summae
560 4031 749 4112 maiestatis,
899 4029 984 4094 Vera
998 4045 1070 4110 spes
1082 4045 1150 4093 verr
1166 4025 1285 4108 gaudu,

226 4054 338 4185 Gaude
352 4117 466 4197 Maria,
898 4112 1058 4178 Gaudium
1072 4111 1165 4177 nobis
1238 4190 1256 4204 ..

224 4202 392 4284 Speculum
407 4199 611 4283 virginitatis.
898 4197 947 4263 Sit
962 4196 1064 4262 dulcis
1078 4195 1186 4260 vultus
1200 4190 1267 4256 filu.

169 4297 198 4356 2.
225 4286 337 4354 Gaude
351 4285 465 4364 Maria,
841 4285 870 4348 4.
898 4281 994 4363 Opia
1007 4283 1111 4345 mater

222 4372 289 4437 Lex
304 4368 490 4435 testamenti
505 4365 638 4448 gratiae,
897 4363 1143 4442 Misericordiae,

224 4453 336 4520 Gaude
351 4451 465 4530 Maria,
897 4448 993 4516 Salva
1006 4465 1073 4526 nos,
1090 4447 1178 4512 salva

223 4538 293 4606 Lux
308 4535 484 4604 ornamenti
498 4535 628 4617 gloriae.
896 4534 988 4600 Vena
1004 4531 1125 4600 veniae.
