3218 5234
744 235 953 302 ...76-

194 418 222 478 3.
249 409 287 476 In
301 410 362 474 hoc
375 415 466 476 vecte
480 410 593 476 botrus
607 415 729 493 vectus,
922 410 1013 476 Mare
1029 409 1116 475 cedit
1130 413 1164 474 et
1178 409 1296 491 obedit,

249 495 288 560 In
303 495 363 560 hoc
377 495 449 577 palo
464 500 667 577 praeerectus
923 494 1063 560 Mundus
1078 494 1189 574 credit,
1206 499 1239 559 et
1252 493 1373 560 recedit

248 579 380 645 Morbos
396 585 489 644 sanat
504 581 660 644 omnium:
922 580 1022 644 Error
1036 579 1246 660 ignorantiae.

248 661 310 728 Hic
324 669 374 728 est
388 663 490 728 lectus
505 665 713 746 praeelectus,
868 667 897 726 5.
923 663 1009 744 Ergo
1024 663 1161 728 mundas
1175 667 1208 727 et
1222 661 1395 726 foecundas

248 746 298 810 Ex
312 745 422 812 electis
439 753 490 812 eet
504 747 664 813 confectus
922 747 1023 812 Nobis
1038 746 1141 811 undas
1156 764 1231 810 crux
1246 744 1389 810 effundas

248 828 339 895 Liliis
355 831 553 896 convallium.
921 830 970 896 Dc
984 837 1077 912 petra
1092 829 1286 896 dulcedinis:

192 921 222 984 4.
247 913 286 979 In
300 913 360 978 hoc
375 915 467 994 signo
481 915 677 996 triumphali,
923 915 1016 996 Aqua
1030 913 1149 979 munda
1163 932 1220 980 nos
1236 911 1374 978 emunda

248 997 286 1063 In
301 998 361 1063 bac
374 999 465 1080 virga
479 999 633 1081 pastorali
923 997 966 1064 Et
981 999 1108 1063 coelesti
1123 1017 1181 1063 nos
1199 996 1354 1064 foecunda

249 1081 593 1166 Virgapoenitentiaa:
922 1081 1025 1148 Fonte
1039 1083 1258 1165 plenitudinis.
1288 1083 1400 1146 Amen.

264 1189 358 1246 Text.
394 1193 472 1249 Mine.
490 1191 570 1247 fratr.
591 1195 669 1246 1520.
690 1183 692 1188 ’

534 1365 583 1426 74.
627 1359 680 1425 De
701 1359 878 1425 mancatione
899 1365 1028 1426 eunome
1049 1361 1161 1425 crucis.

193 1477 281 1543 Haec
295 1481 406 1542 sancta
421 1479 618 1545 sollemnitas
633 1479 884 1546 sollemnitatum
898 1479 966 1561 regi
981 1479 1141 1544 coelorum
1155 1483 1274 1544 nostro.

264 1585 357 1641 Text.
393 1587 495 1642 Daniel
514 1587 548 1656 V,
567 1590 609 1642 65.
628 1589 679 1644 bot
697 1589 792 1644 diesen
809 1591 890 1643 einen
912 1587 980 1644 Vere
999 1604 1052 1643 oua
1072 1587 1138 1644 (lod.
1148 1587 1174 1644 S.
1185 1587 1256 1643 Gall.
1266 1587 1318 1642 546
1338 1583 1501 1656 (Bronten).

748 1698 947 1705 ...---...

520 1763 570 1824 75.
614 1757 658 1824 Ia
685 1759 877 1826 exaltatione
904 1764 1033 1826 coactae
1061 1759 1174 1823 crucia.

580 1859 696 1930 (Auctor
714 1867 757 1918 eet
774 1861 865 1916 Adam
884 1861 919 1918 de
938 1862 964 1916 S.
984 1860 1116 1931 Victore.)

218 1975 243 2034 l.
264 1965 358 2031 Salve
373 1985 459 2045 crux,
476 1967 571 2033 arbor
890 1974 917 2034 6.
937 1969 1098 2036 Medicina
1112 1985 1190 2032 vera

262 2051 358 2116 Vitae
373 2051 547 2132 praeclara,
938 2053 1270 2120 Christusinstatera

264 2133 557 2212 christivexillum,
937 2136 1300 2203 Crucisestdistractus

264 2217 412 2282 Thronus
428 2223 543 2286 atara.
935 2217 1259 2301 Pretiumquefactus

215 2306 244 2366 2.
264 2298 541 2382 Ocruxproianis
937 2305 1039 2370 Solvit
1052 2304 1165 2370 mortis
1179 2304 1260 2367 iura.

263 2385 547 2483 Teum-pyrum&
889 2438 917 2496 7.
937 2431 1022 2496 Crux
1037 2435 1088 2496 est
1102 2431 1233 2494 nostrae

264 2469 548 2621 {llilrtcublsnessnffilbisna
935 2513 1201 2592 Libfflillsstitiae,

265 2637 357 2704 Salus
373 2642 406 2703 et
419 2604 561 2704 uictoria'.
937 2598 1104 2696 35⁰1)th
1116 2596 1211 2692 regib

937 2683 1037 2765 V1rga
1051 2685 1222 2765 potentiae.

216 2723 244 2785 3.
263 2721 312 2787 Tu
325 2723 528 2806 properantis

264 2807 383 2872 Contra
398 2807 606 2888 Maxentium,
888 2815 919 2876 8.
940 2807 1034 2884 Crux,
1050 2806 1200 2872 coelestia

264 2891 514 2973 Taproeliantie
937 2893 1069 2974 Signum
1084 2890 1247 2968 victoriae,

264 2977 358 3042 quta
372 2975 557 3041 Danubium
936 2976 1020 3041 Belli
1034 2977 1133 3041 robur

266 3059 468 3126 Constantini
484 3059 594 3139 gloria.
936 3059 1245 3142 Etpalmagloriae.

216 3141 245 3206 4⁴
264 3143 552 3293 {ffigsgffiliig
889 3189 918 3249 9.
938 3185 988 3250 Tu
1003 3185 1100 3266 acala,
1115 3190 1152 3250 tu
1168 3185 1260 3261 ratio,

265 3310 600 3410 Oosdroeprofanum.
936 3268 1271 3438 ffbffilgxsggsslelffltis

264 3395 527 3564 fflghnzcgsssffiar?
936 3437 985 3503 Tu
1000 3438 1040 3503 de
1055 3437 1205 3505 membris
1221 3399 1339 3502 ²Clmisti

437 3565 444 3578 ·
482 3566 488 3578 ·
936 3523 1093 3588 Decorem
1106 3521 1232 3588 traxisti

216 3642 243 3708 5·
263 3565 656 3730 gfffceitsfflfflffifim,
937 3605 1062 3688 Regum
1077 3605 1234 3672 diadema.

264 3732 632 3816 Sublime,profundum,
871 3737 919 3798 10.
938 3732 1000 3798 Per
1014 3737 1048 3798 te
1062 3732 1164 3810 nobie,
1180 3748 1256 3796 crux
1270 3727 1376 3807 beata,

265 3819 390 3885 Sanctis
404 3819 618 3901 propalatum,
941 3815 1363 3892 Oruxcruoreconseorata,

265 3901 428 3980 Quadrum
444 3903 548 3970 salum
561 3898 713 3967 mundum
938 3901 1139 3982 Sempiterua
1154 3898 1272 3980 gaudia

265 3988 332 4053 Sub
348 3987 461 4068 quadri
475 3987 587 4068 ligura.
939 3981 1285 4067 Dctsupernegratia.
1313 3981 1424 4044 Amen.

265 4109 290 4149 a.
308 4093 403 4148 Text.
439 4095 523 4149 Mona
542 4095 595 4149 No.
616 4097 675 4150 108.
695 4093 730 4164 (l,
751 4093 822 4159 142.)
840 4092 900 4146 aad
917 4093 1018 4148 Daniel
1036 4095 1068 4164 V,
1088 4097 1131 4149 90.
1150 4107 1203 4147 aaa
1221 4090 1287 4146 Ood.
1307 4089 1333 4144 S.
1353 4084 1423 4141 Gall.
1442 4085 1499 4137 546
1591 4063 1592 4126 s

195 4165 343 4234 (Brander)
361 4167 413 4219 mit
431 4167 480 4219 der
500 4164 624 4219 Melodie
641 4165 700 4220 aad
718 4166 779 4219 dem
795 4163 930 4219 Botaatz:
948 4165 1065 4234 pulchra
1083 4164 1229 4234 aequantia
1247 4159 1356 4227 antiqui
1379 4154 1499 4210 alicuius
1591 4179 1592 4194 .

195 4237 424 4305 Sanctigallcnaie
442 4237 576 4291 coenobii.
596 4236 749 4290 -Daniel
768 4237 803 4304 11,
822 4238 866 4290 84.
885 4235 936 4292 bot
955 4237 1000 4290 die
1016 4240 1041 4289 1.
1061 4236 1118 4290 Str.
1132 4266 1167 4278 —
1179 4235 1312 4290 Oliobtov.
1331 4227 1379 4297 IV,
1398 4229 1459 4280 217.

265 4325 291 4380 b.
310 4322 494 4378 Leucaten.
533 4327 557 4390 1,
576 4325 601 4376 3.
629 4323 698 4378 vex.
727 4321 791 4377 Chr.
811 4322 908 4377 Olicht.
927 4339 954 4376 u.
974 4323 1045 4376 Dan.
1065 4326 1090 4392 2,
1109 4324 1153 4376 84.
1182 4352 1216 4363 -
1244 4324 1269 4390 2,
1291 4323 1314 4374 1.
1342 4313 1499 4386 prophanis
1591 4329 1592 4364 l

196 4395 292 4452 Olicht.
312 4395 415 4452 Tortor
434 4401 463 4450 et
479 4412 503 4449 r.
521 4393 597 4448 Mon.
616 4394 687 4448 Dan.
707 4423 741 4433 -
759 4396 785 4462 4,
804 4397 828 4448 3.
847 4394 983 4464 prophan.
1003 4393 1100 4449 clicht.

271 4501 294 4540 c.
313 4481 470 4538 cherlc.
507 4485 532 4537 5.
552 4481 627 4552 „Die
644 4480 817 4550 otenbeilipe
835 4479 946 4537 Geatult
964 4481 1012 4536 dee
1030 4479 1157 4536 Krcuzce
1174 4483 1214 4536 ist
1231 4479 1293 4533 bier
1312 4475 1366 4545 aas
1381 4471 1499 4528 dieder
1591 4483 1592 4560 p

199 4553 410 4628 Woltpcpcndea
428 4555 555 4626 beaooea,
574 4552 638 4608 weil
655 4552 701 4608 dic
719 4550 863 4622 Erotium
881 4553 926 4607 dic
942 4569 1033 4624 ponae
1054 4551 1128 4608 Welt
1144 4551 1291 4623 umfooet.“
1328 4547 1419 4604 Mona.
