3234 5246
704 257 936 319 *435-

172 444 202 504 3.
231 437 293 502 1110
307 437 375 502 Deo
391 436 526 502 dilectus
846 443 875 502 4.
901 437 993 504 Nunc
1008 455 1084 518 ergo
1099 437 1189 519 plebs
1205 455 1276 502 cum
1292 439 1378 505 clero

227 521 340 586 Presul
356 520 461 585 clarus
477 523 508 585 et
523 525 631 586 rectus
659 583 661 586 ,
902 520 1006 587 Corde
1021 520 1146 600 flagitet
1160 523 1293 598 siucero,

228 605 394 669 Virtutum
409 603 487 670 flore
503 604 638 670 florebat
653 671 656 678 ,
902 605 947 670 Ut
963 623 1157 686 conregnare
1172 615 1270 687 queat
1284 607 1440 690 Ludgero.

227 689 271 754 Et
286 689 450 769 signorum
470 689 540 752 luce
558 687 789 772 praefulgebat.
903 689 1093 769 OLudgere
1108 693 1143 755 tu
1160 691 1292 772 dignare

228 773 408 838 Daemones
423 771 556 853 fugavit,
902 773 1065 838 Christum
1080 791 1220 852 exorare,

229 857 326 921 Cecos
341 857 411 922 visu
427 857 536 922 beavit
902 855 947 921 Ut
962 861 1085 939 prestet
1100 857 1192 924 uobis
1206 863 1311 924 tecum
1326 877 1471 940 regnare.

230 941 272 1004 nt
287 939 418 1005 claudos
433 959 545 1022 gressu
561 939 692 1005 donavit

229 1024 272 1090 Et
286 1029 428 1089 mortuos
444 1027 510 1089 vita
525 1023 719 1090 reformavit.

240 1131 336 1187 Text.
372 1133 491 1189 Bartsch
509 1131 537 1187 S.
556 1135 610 1186 172
628 1149 681 1188 oros
700 1133 760 1186 dero
778 1132 918 1188 Graduale
936 1133 1161 1189 Monosteriense
1179 1131 1197 1188 f.
1217 1137 1278 1190 236.

725 1315 923 1324 --—-——.-.

416 1468 486 1528 640.
530 1463 581 1528 Dc
601 1483 626 1528 s.
649 1463 810 1528 Lndooioo
833 1463 897 1528 IX.
919 1463 1123 1528 Francorum
1144 1407 1224 1546 rene.

171 1571 1014 1723 ((100,0015.11011015,1001ἰῖοιοὲιέἓὶ99150009,
1042 1581 1121 1634 storb
1148 1581 1191 1634 25.
1213 1579 1385 1652 11001270,
1412 1599 1470 1636 oer-

554 1759 670 1824 (Auctor
688 1763 732 1813 est
750 1758 840 1814 Adam
858 1759 893 1813 de
911 1760 937 1814 S.
957 1758 1089 1827 Victore.)

174 1879 200 1937 1.
227 1869 438 1934 Laetabunda
845 1878 874 1938 4.
902 1869 986 1936 Coeli
1002 1889 1057 1934 rex
1074 1871 1203 1936 delicias

226 1953 454 2035 Psallatplebs
471 1971 542 2017 cum
557 1959 663 2019 moute
679 1957 799 2020 munda
899 1953 1120 2020 Filiofamilias

228 2036 413 2102 Christiana
900 2038 1104 2104 Reservavit:

227 2121 330 2186 Deum
346 2137 434 2184 more
901 2121 1054 2188 Invitavit
1067 2121 1167 2186 filium

228 2203 399 2270 Collaudat
414 2223 491 2285 gens
506 2205 591 2270 laeto
607 2224 661 2270 ore
900 2207 997 2271 Pater
1013 2205 1053 2269 ad
1069 2205 1258 2282 conuiuium,

229 2288 403 2354 Gallicana.
901 2291 1000 2367 Quem
1016 2288 1144 2354 amavit.

846 2381 872 2440 5.
899 2374 1086 2454 Fulgentem
1102 2373 1134 2437 in
1150 2371 1261 2436 habitu

172 2462 201 2521 2.
230 2455 291 2532 Qui
306 2458 380 2537 post
393 2473 526 2536 reguum
541 2457 638 2524 labile
901 2462 928 2523 A
945 2458 1105 2522 coelorum
1121 2455 1243 2520 ambitu

228 2541 277 2604 Ad
294 2539 526 2605 inaestimabile
902 2541 980 2606 Cum
996 2543 1122 2605 ruboris
1137 2541 1223 2604 exitu

228 2623 418 2690 Sublimavit
901 2626 973 2690 Non
987 2623 1134 2706 proiecit:

227 2706 380 2773 Ludovici
396 2707 510 2771 solium
902 2709 1003 2785 Quem
1019 2713 1167 2772 sanctum
1182 2706 1344 2770 miraculis

228 2791 418 2872 Turmisque
432 2789 619 2855 laetantium
902 2792 1029 2857 Crebris
1044 2793 1076 2856 in
1091 2789 1236 2854 articulis

229 2875 374 2940 sociavit.
902 2876 1065 2940 Proiectis
1082 2881 1114 2939 et
1132 2872 1273 2956 paruulis

902 2959 1068 3025 Patefecit.

174 3045 201 3104 3.
228 3041 288 3106 Hic
302 3043 377 3106 licet
392 3061 429 3106 ex
445 3044 585 3123 germine
846 3049 873 3107 6.
903 3043 940 3108 Iu
956 3043 1042 3106 vitae
1059 3041 1192 3106 miserae

228 3124 353 3190 Primae
370 3132 464 3192 natus
480 3126 616 3190 feminae
900 3126 1013 3206 Lapsis
1027 3127 1143 3189 itinere

228 3209 450 3292 Deliuquentis
900 3209 1060 3275 Ludovioc
1076 3227 1132 3272 rex
1148 3211 1342 3288 compatere:

227 3293 353 3374 Fugato
368 3295 549 3375 peccamine
900 3295 997 3358 Prece
1011 3293 1166 3357 resuscita

228 3377 350 3442 Mansit
364 3379 397 3441 in
414 3377 579 3443 dulcedine
900 3377 987 3454 Quos
1003 3375 1089 3440 facta
1104 3378 1253 3456 premunt
1268 3373 1380 3438 illicita

227 3460 303 3526 Piae
321 3463 447 3526 mentis.
899 3461 1040 3527 Faveute
1054 3459 1121 3524 Deo
1138 3458 1194 3522 fiat
1208 3457 1263 3522 ita.
1296 3459 1407 3522 Amen.

243 3585 268 3622 a.
286 3567 381 3623 Tect.
419 3570 496 3624 Miss.
516 3569 594 3623 fratr.
613 3569 702 3623 Paris.
724 3572 792 3623 1520
821 3569 874 3640 (Α).
913 3570 1044 3626 Glichtov.
1063 3567 1111 3638 IV,
1130 3570 1182 3622 213
1212 3567 1265 3637 (B).
1301 3597 1334 3608 —
1370 3566 1471 3621 Daniel

172 3639 208 3706 11,
227 3643 262 3694 81
281 3641 331 3694 leot
350 3640 395 3696 dfe
413 3647 505 3695 ersten
524 3643 540 3694 3
558 3640 653 3695 Zeilcn
671 3641 742 3693 olona
759 3640 875 3709 Anyobe
895 3641 944 3695 der
964 3639 1065 3712 Qoelle.

244 3725 473 3784 0110001101.
512 3733 535 3798 1,
555 3733 579 3784 ὅ.
599 3727 978 3785 010100101111011010114
1015 3757 1049 3769 -
1085 3730 1111 3795 2,
1130 3729 1154 3781 5.
1182 3701 1350 3782 Ludoricum
1369 3724 1399 3794 Β.
1436 3755 1470 3766 -

174 3798 199 3864 5,
219 3801 243 3852 3.
262 3798 376 3867 pudoris
395 3799 426 3853 B.

723 3945 921 3954 m

527 4070 597 4130 641.
642 4065 684 4131 In
697 4069 783 4150 sesto
804 4087 829 4133 s.
852 4064 1007 4131 Ludooo'co'
1028 4065 1121 4145 renis.

176 4205 207 4265 1.
231 4199 351 4280 Regem
367 4215 478 4280 regum
494 4217 691 4280 veneremur,
848 4205 876 4265 2.
903 4200 1011 4280 Ipsum
1028 4195 1154 4261 Christo
1172 4192 1402 4260 conformatum

228 4283 272 4347 Et
288 4283 328 4346 de
344 4283 428 4364 regis
445 4282 617 4364 gloriemur
901 4283 1053 4362 Magnum
1069 4278 1145 4344 fecit
1161 4285 1194 4344 et
1207 4278 1336 4344 beatum

231 4367 385 4432 Ludovici
401 4367 519 4448 gloria:
903 4366 1068 4430 Virtutum
1084 4363 1300 4429 immensitas:

230 4450 274 4514 Et
288 4450 484 4516 Francorum
499 4453 592 4534 regni
606 4469 683 4517 cura
902 4447 1115 4530 congaudes,
1131 4447 1329 4523 amorlatus

230 4533 404 4600 Beatorum
419 4536 510 4616 regni
524 4536 596 4602 iura
902 4535 976 4598 Alta
992 4551 1075 4620 spes,
1090 4531 1148 4598 sed
1163 4549 1227 4596 nou
1242 4531 1358 4609 elatus,

231 4617 380 4684 Possidet
394 4619 427 4684 in
444 4619 559 4702 patria.
900 4615 1064 4682 Profunda
1079 4616 1250 4682 humilitas.

1204 4715 1274 4778 28*
