3234 5246
700 293 930 357 -362-

167 477 196 541 8.
222 471 692 554 OBernarde‚lormamoru1n
894 474 986 540 Insta
1001 473 1100 554 Patri,
1115 475 1170 556 qui
1184 481 1370 542 cunctorum

222 557 567 642 Lepidumignitorum
899 555 1016 624 Curam
1030 558 1124 639 gerit,
1140 565 1177 626 ut
1191 577 1323 626 suorum

222 641 290 707 Iam
306 643 428 707 locatus
443 643 474 707 in
491 641 609 708 medio:
896 641 1049 708 Lucemur
1063 644 1096 708 iu
1112 644 1235 726 predio.

236 749 332 806 Text.
369 751 446 808 Mias.
465 751 559 808 Calon.
579 748 693 807 15511.
714 751 774 805 346.

718 905 916 913 ..m

449 1040 519 1102 521.
562 1035 613 1103 De
633 1056 659 1102 a.
682 1036 800 1104 Blasio
823 1039 966 1120 episcopo
988 1043 1018 1104 et
1037 1044 1186 1123 martyre.

237 1153 317 1224 (Get.
336 1170 372 1210 aa
390 1153 512 1223 Sebaste,
527 1154 600 1224 jalel
617 1154 711 1212 Simas
728 1158 761 1210 ia
779 1156 939 1224 Armenion,
956 1162 1024 1226 peel.
1044 1159 1106 1230 316,
1125 1158 1236 1214 ucrebrt
1254 1161 1279 1213 3.
1299 1155 1397 1228 Febr.)

579 1261 694 1331 (Auctor
713 1267 756 1318 est
774 1261 882 1317 Notker
900 1261 1053 1334 Balbulus.)

190 1385 216 1445 1.
241 1379 267 1445 Ο
284 1379 381 1458 Blasi,
397 1378 512 1446 dilecte
527 1381 596 1462 regi
612 1400 724 1464 regum
739 1400 861 1450 summo

187 1469 216 1528 2.
238 1462 282 1528 Et
296 1465 417 1529 cunctis
432 1465 616 1546 angelorum
632 1465 737 1532 choris
752 1465 931 1546 laudabilia,

188 1551 216 1613 3.
240 1547 285 1612 Te
301 1547 389 1625 coeli,
404 1554 501 1626 terra,
517 1567 614 1630 mare,
629 1549 762 1616 laudent
776 1556 810 1617 et
825 1550 951 1632 sydera,

187 1638 216 1696 4.
239 1630 304 1712 Sol,
320 1631 397 1696 luna
411 1636 444 1696 et
458 1639 573 1699 cuncta
587 1639 705 1713 creata,

187 1720 216 1779 5.
238 1715 402 1795 Aquarum
417 1733 529 1782 cursus
544 1722 578 1782 et
592 1717 706 1800 pisces,

187 1803 216 1865 6.
239 1797 283 1864 Τ5
299 1804 429 1865 sauctus
444 1799 504 1866 Dei
518 1799 603 1870 filius
619 1800 810 1868 confortavit
824 1807 858 1868 et
874 1803 1008 1882 ornavit,

186 1887 204 1947 7
209 1932 216 1947 .
239 1882 317 1948 (lum
332 1882 495 1950 carnifices
510 1883 650 1968 undique
664 1885 843 1952 lacerarent
857 1887 1001 1952 membra
1013 1887 1079 1951 tua.

186 1971 216 2032 8.
239 1967 300 2044 Qui
315 1984 431 2032 nomen
447 1969 515 2034 eius
528 1968 632 2036 laetus
647 1987 709 2034 nou
725 1987 825 2052 negas
840 1969 911 2035 dira
925 1987 1040 2052 passus
1056 1974 1153 2050 atque
1169 1987 1287 2052 poenas

187 2055 214 2114 9.
236 2051 404 2116 Presidem
419 2049 592 2133 despexisti
607 2059 640 2119 et
654 2071 746 2118 omne
761 2059 984 2120 ornamentum
997 2055 1207 2120 terrestrium.

166 2138 214 2199 10.
238 2134 284 2200 Te
298 2133 386 2201 Deus
403 2137 537 2202 coelitus
552 2137 584 2202 in
600 2137 727 2204 deserto
742 2138 832 2220 pauit
846 2138 926 2216 cibo,

167 2223 214 2283 11.
236 2219 279 2285 Et
293 2218 379 2285 ieras
393 2220 525 2287 nutibus
540 2221 605 2286 tuis
620 2221 760 2303 domans,
779 2229 890 2288 sancte
904 2221 1002 2301 lilasi,

167 2307 216 2368 12.
238 2301 363 2369 Viduae
376 2303 555 2370 lacrimanti
571 2305 720 2372 misertus
735 2305 906 2372 reddidisti
921 2310 1031 2372 natum
1047 2323 1150 2372 suum.

168 2390 216 2453 13.
238 2385 339 2452 Varia
352 2392 426 2470 post
440 2388 519 2454 haee
533 2389 624 2472 signa
639 2395 672 2456 et
685 2391 788 2457 multa
801 2391 936 2472 praebes
951 2391 1021 2472 pius
1037 2389 1206 2457 debilibus.

167 2475 217 2535 14.
239 2467 306 2536 Nos
321 2487 430 2536 omnes
445 2473 592 2554 precibus
608 2474 731 2540 devotis
747 2476 958 2556 obsecramus,

167 2557 216 2618 15.
238 2551 285 2619 Ut
299 2554 392 2620 nobis
407 2558 533 2622 veniam
547 2557 696 2641 implores
710 2565 767 2625 tua
783 2577 887 2642 prece,

7 2641 40 2656 ”·
167 2641 216 2704 16.
238 2635 281 2703 Et
294 2637 366 2704 linis
380 2644 491 2706 noster
505 2641 621 2708 babeat

166 2727 214 2788 17.
236 2723 370 2788 Beatam
385 2743 449 2790 una
463 2727 605 2807 requiem
621 2744 693 2791 oum
707 2726 823 2793 beatis.

234 2830 329 2886 Text.
366 2833 457 2888 Morel
474 2833 526 2888 No.
546 2835 607 2890 368.
625 2833 653 2889 S.
672 2836 724 2888 211
744 2831 883 2890 cremiis.
901 2830 1222 2889 uoaRbetuuuNo.7l.
1241 2832 1468 2888 1142575151.

163 2901 223 2956 aad
240 2903 293 2958 No.
313 2905 356 2958 14.
375 2906 420 2959 ΒΖ.
439 2907 483 2958 48.
501 2907 615 2960 13-14.
633 2903 735 2961 Jahrb.
765 2934 798 2946 —
827 2903 906 2960 mett
924 2903 996 2960 autb
1013 2906 1053 2958 im
1072 2903 1137 2962 (lod.
1157 2905 1183 2962 S.
1203 2904 1275 2960 Gall.
1296 2908 1348 2960 546
1367 2904 1467 2974 (Bran-

164 2971 233 3045 der),
251 2990 365 3031 aarum
383 2975 482 3032 Daniel
501 2975 535 3046 V,
553 2980 588 3033 50
607 2977 660 3032 den
678 2976 795 3046 Ausaup
812 2976 871 3032 bat.

635 3253 707 3315 522.
749 3249 802 3316 Dc
823 3269 848 3315 a.
870 3247 997 3316 Bruto.

167 3387 195 3448 1.
222 3381 413 3450 Sanctorum
427 3381 502 3463 vita,
519 3382 630 3464 virtus,
646 3384 758 3466 gloria,
835 3391 865 3452 4.
893 3383 941 3448 De
954 3399 1090 3463 quorum
1105 3380 1238 3463 collegio

222 3466 337 3532 summi
352 3466 454 3548 patris
469 3466 584 3546 boeda,
891 3467 1003 3533 mortis
1019 3467 1124 3531 clarus
1140 3465 1265 3546 potorio

220 3551 362 3632 suscipe,
391 3549 532 3633 christe,
562 3557 693 3618 tuorum
722 3570 790 3616 car·
892 3551 1058 3617 iubilando
1073 3567 1157 3615 nunc
1171 3548 1354 3616 dulcissima

266 3634 362 3699 mina.
891 3634 1084 3714 sabbatizas,
1100 3633 1192 3699 Blasi
1210 3634 1419 3700 sanctissime.

164 3722 194 3784 2.
220 3717 346 3784 Pietate
360 3717 500 3798 propitia
892 3718 1032 3796 Gatenis,
1048 3719 1239 3798 carceribus,

220 3802 329 3868 mundi
345 3799 603 3883 solvistidebita,
891 3801 1270 3884 lustibusetpoctinibus

219 3885 323 3954 lactus
338 3886 403 3952 tuis
418 3903 457 3950 ex
471 3887 577 3966 gratia
890 3885 1054 3968 probatus,
1070 3894 1107 3952 ut
1123 3905 1236 3952 aurum
1252 3882 1388 3964 fornace,

219 3969 517 4051 viaveritas,vita.
891 3969 1086 4036 victorcoeli
1102 3969 1397 4037 coruscasinarco.

219 4053 332 4136 Ignem
345 4054 476 4119 mittens
492 4053 662 4135 terrigenis

220 4138 360 4218 unguine
375 4137 458 4204 sacri
472 4138 653 4220 pneumatis
836 4142 866 4204 5.
891 4135 1254 4203 Hincduminemeraus

221 4221 623 4319 invictosposttamilltcs
891 4221 1328 4304 atquecapiteobtruncatua

220 4306 565 4386 attraxistrmartyres.
890 4305 1036 4387 angulari
1050 4323 1085 4370 es
1100 4305 1207 4386 lapide
1221 4308 1402 4370 coronatus.

165 4387 194 4449 3.
221 4387 282 4466 Qui
298 4389 407 4453 mundi
422 4387 553 4474 devicto
564 4387 706 4472 principe
891 4389 943 4456 Sic
957 4390 991 4454 in
1005 4389 1104 4454 coelis
1117 4389 1245 4454 iunctus

221 4471 322 4539 stolas
336 4473 484 4538 laverunt
498 4473 573 4552 agni
588 4473 752 4553 sanguine,
890 4473 956 4539 illis
971 4472 1081 4555 ignitis
1099 4472 1261 4555 lapidibus

221 4560 326 4639 Atque
341 4556 574 4640 triumphantes
591 4573 739 4637 superam
891 4555 1011 4639 fulges,
1044 4557 1173 4639 praesul
1202 4563 1300 4640 atquo
1328 4559 1462 4638 martyr,

221 4642 407 4710 insederunt
420 4658 491 4706 cum
505 4641 613 4722 palma
627 4641 758 4720 regiam.
935 4639 1089 4708 ornatius.
