3210 5230
732 321 772 331 -
817 287 962 348 570-

199 469 229 530 4.
258 464 320 530 Per
334 471 368 532 te
383 483 516 547 serpens
530 471 579 532 est
592 467 774 546 subversus,
928 469 1051 549 Corpus
1066 473 1157 534 tuum
1175 469 1355 534 Tarascone
1424 473 1430 479 '

255 549 316 614 Per
331 557 363 615 te
377 551 500 616 iuvenis
517 551 702 617 submersus
927 553 1083 633 sepelivit
1100 571 1171 618 cum
1186 553 1347 618 Frontone

255 631 349 698 Vitae
364 634 560 699 restituitur:
927 635 1074 702 Christus
1089 656 1186 702 rnanu
1201 635 1341 719 propria.

255 715 316 782 Per
331 724 363 782 te
378 725 543 782 cassantur
558 735 690 796 errores,
873 725 899 782 7.
926 719 991 786 Ora
1005 738 1064 801 pro
1079 720 1172 787 nobis
1186 721 1323 798 domina,

256 799 316 865 Per
331 805 362 864 te
377 801 568 865 decorantur
583 817 688 865 mores
926 803 988 868 Per
1002 811 1034 868 te
1049 808 1161 870 nostra
1175 803 1355 887 peccamina

254 881 297 948 Et
312 881 391 948 fides
407 884 581 950 extollitur.
926 887 1120 952 Deleantur:

199 967 228 1026 5.
254 966 281 1032 Ο
297 967 381 1032 oliva
396 967 526 1050 pietatis
925 971 1075 1052 Impetra,
1091 971 1228 1050 Martha,
1244 969 1381 1052 gratiam

254 1049 371 1132 Ecquis
387 1057 460 1116 tuae
475 1050 656 1116 sanctitatis
925 1054 992 1133 Hie,
1009 1055 1063 1134 qui
1079 1061 1167 1120 tuam
1181 1054 1367 1120 memoriam

255 1133 606 1200 Dicetexcellentiam?
924 1140 1138 1204 Venerantur.

254 1218 363 1282 Vitam
378 1215 471 1283 fratri
486 1218 641 1296 meruisti,
870 1224 899 1284 8.
927 1222 953 1288 0
969 1221 1157 1288 Tarasconis
1173 1225 1317 1303 patrona,

254 1301 303 1366 Ex
317 1319 401 1382 aqua
415 1301 523 1367 vinum
538 1301 642 1367 iecisti
924 1303 1096 1372 Tarasconi
1113 1323 1222 1390 pacem
1239 1304 1322 1369 dona

254 1384 315 1451 Per
330 1384 468 1450 divinam
484 1385 631 1468 gratiam.
926 1389 1060 1472 Semper
1074 1397 1106 1456 et
1124 1389 1296 1456 laetitiam:

199 1465 228 1526 6·
253 1469 399 1536 Animam
416 1475 491 1535 tuae
506 1469 625 1536 sororis
927 1471 1092 1556 Cursuque
1106 1475 1191 1540 vitae
1207 1469 1349 1554 perlecto

252 1553 381 1618 Audisti
397 1555 544 1636 supernis
559 1553 664 1618 choris
926 1557 993 1623 Nos
1009 1557 1106 1623 ducas
1121 1557 1249 1622 tramite
1268 1558 1355 1620 recto

253 1635 344 1701 Ferri
359 1653 429 1701 cnm
444 1637 584 1702 laetitia:
927 1641 977 1706 Ad
993 1659 1164 1722 supernam
1179 1641 1309 1706 curiam.

268 1759 294 1799 a.
311 1743 404 1798 Text.
440 1745 594 1800 Munatio.
616 1745 822 1814 raetiam)
848 1761 917 1802 aas:
943 1747 996 1802 Hs.
1024 1765 1060 1804 aa
1084 1748 1320 1818 Pommcrsseldca
1345 1745 1398 1800 No.
1418 1746 1495 1798 2926.

197 1818 241 1870 15.
259 1815 360 1872 laura.
381 1815 435 1885 (A).
472 1815 524 1871 Hs.
544 1817 605 1872 dae.
624 1816 703 1870 2888.
723 1817 765 1868 15.
784 1811 885 1871 Jahrb.
904 1817 955 1890 (B).
977 1849 1010 1860 —
1028 1819 1106 1878 Miss.
1124 1821 1249 1888 Mogunt.
1271 1819 1338 1873 1507
1358 1817 1409 1885 (G).

267 1903 294 1957 b.
313 1901 494 1958 Losorion.
534 1909 557 1972 l,
578 1909 602 1960 3.
622 1903 715 1958 hostia
733 1903 788 1959 AG.
808 1934 842 1946 -
863 1909 887 1973 1,
907 1908 931 1960 5.
951 1905 1112 1962 decantetur
1130 1907 1159 1962 G.
1184 1937 1218 1948 -
1243 1911 1269 1973 2,
1288 1909 1313 1961 5.
1333 1903 1451 1960 laudent
1469 1905 1495 1954 C.

196 1973 347 2030 laudantur
366 1975 396 2030 B.
425 2006 458 2015 -
487 1979 512 2046 3,
533 1980 556 2031 l.
576 1977 650 2031 iusto
669 1981 704 2030 et.
724 1973 754 2028 B.
774 1975 831 2030 rita
850 1983 884 2031 st.
904 1979 933 2032 Ο.
963 2011 997 2021 -
1026 1981 1050 2046 3,
1069 1981 1094 2032 2.
1114 1993 1210 2048 rogum
1223 1977 1298 2046 fehlt
1315 1977 1346 2030 B.
1374 2005 1409 2016 -
1428 1977 1453 2040 3,
1472 1977 1496 2028 5.

197 2046 280 2101 hrota
298 2045 352 2101 rol.
371 2047 402 2100 B.
422 2077 455 2087 -
474 2051 499 2115 4,
521 2051 543 2101 l.
563 2063 635 2116 serp.
655 2053 683 2101 et
701 2047 758 2101 AB.
771 2076 804 2086 -
823 2049 850 2113 4,
870 2052 895 2102 4.
915 2048 1082 2104 damnantur
1101 2049 1233 2118 Bit-5,
1252 2052 1277 2103 2.
1298 2055 1326 2102 et
1345 2045 1496 2116 quisABC.

197 2117 291 2186 ecquis
309 2117 402 2184 Mona,
421 2118 474 2171 wol
495 2119 595 2173 haesere
615 2147 649 2157 -
668 2119 693 2186 5,
712 2121 737 2172 3.
756 2117 860 2188 pandet
879 2133 937 2174 exe.
957 2122 985 2176 C.
998 2149 1032 2160 -
1048 2123 1073 2186 6,
1092 2123 1117 2174 2.
1137 2120 1217 2175 audis
1236 2119 1266 2174 B.
1286 2119 1366 2174 audis
1385 2118 1416 2170 in
1435 2133 1494 2184 sup.

197 2189 226 2244 Ο.
246 2217 280 2228 -
298 2191 325 2255 6,
345 2191 370 2243 3.
388 2187 450 2242 fleri
468 2191 496 2244 G.
527 2219 556 2230 -
585 2193 611 2256 6,
630 2193 655 2242 4.
676 2189 838 2245 tharastone
858 2231 864 2244 .
884 2231 891 2244 .
910 2189 1042 2246 francone
1062 2193 1090 2248 (l.
1122 2219 1150 2246 ·-.
1181 2196 1206 2261 7,
1225 2195 1250 2246 5.
1277 2191 1331 2255 his,
1359 2189 1409 2257 qui
1427 2202 1497 2241 nunc

196 2265 272 2313 tuam
292 2259 410 2328 gloriam
428 2267 615 2316 memorantur
634 2261 662 2314 C.
700 2261 747 2328 qui
775 2267 826 2316 tua
855 2263 998 2318 sollemnia
1021 2264 1055 2318 A.
1092 2291 1126 2302 -
1162 2265 1285 2332 8,1-4.
1322 2260 1353 2314 ln
1378 2266 1497 2329 angusta

197 2331 336 2398 (angustia
354 2331 387 2398 B)
406 2333 504 2386 mortis
522 2333 593 2386 hora
610 2330 705 2399 Nobis,
724 2345 880 2402 precamur,
904 2334 1023 2404 implora
1041 2333 1220 2390 Peccatorum
1239 2333 1346 2388 veniam
1371 2329 1427 2387 BG.
1463 2359 1496 2369 -

197 2403 222 2468 8,
241 2403 266 2454 2.
286 2401 454 2458 Tarasconia
471 2401 505 2456 A.
525 2433 558 2442 -
577 2405 603 2470 8,
622 2406 647 2456 4.
667 2400 722 2456 line
741 2401 809 2470 peri.
830 2403 860 2457 B.
881 2433 914 2444 —-
939 2407 965 2474 8,
985 2408 1009 2460 5.
1029 2404 1113 2460 ducat
1130 2403 1161 2460 B.
1198 2403 1322 2460 Tramite
1341 2419 1393 2458 nos
1413 2399 1498 2456 ducas

196 2478 272 2526 recto
292 2471 335 2527 Ad
354 2489 375 2528 e.
395 2473 515 2541 patriam
534 2475 563 2528 c.

753 2703 951 2713 ---—-..-..

661 2907 733 2971 852.
777 2904 829 2970 De
849 2923 874 2970 a.
899 2903 1043 2970 Martha.

256 3121 336 3186 (lum
351 3119 476 3202 hymnis
491 3120 601 3187 laudes
614 3124 746 3204 pangite
928 3122 1091 3187 Geruntur
1106 3118 1257 3200 mysteria

257 3203 384 3270 Christo
398 3203 607 3288 redemptori:
928 3204 966 3269 In
981 3211 1048 3269 tam
1064 3203 1148 3269 dulci
1162 3201 1289 3266 mensal

255 3288 435 3369 Diligenter
449 3289 614 3370 intendite,
927 3287 970 3353 Et
985 3287 1093 3369 qualia
1108 3286 1260 3367 mysteria

255 3373 298 3438 Et
312 3389 395 3437 nunc
410 3379 517 3454 grates
533 3371 705 3454 impendite
927 3373 1138 3452 Praesignant
1152 3369 1231 3434 haec
1246 3368 1397 3446 condrio,

255 3455 328 3522 Iesu
344 3456 506 3522 salvatori.
928 3456 983 3520 Pie
999 3456 1100 3520 lector
1115 3471 1224 3534 pensa.

200 3613 233 3688 2.
255 3621 317 3700 Qui
332 3628 425 3688 natus
441 3622 512 3687 alvo
528 3622 659 3703 virginis
871 3626 900 3686 5.
925 3619 1076 3686 Biiormis
1091 3622 1158 3686 vita
1173 3619 1306 3686 discitur

254 3707 292 3771 In
309 3725 404 3772 carne
419 3706 505 3772 velat
519 3707 654 3771 hominis
925 3705 968 3770 Et
982 3705 1135 3786 exemplis
1151 3702 1330 3770 ostenditur

255 3791 349 3856 Diam
364 3791 581 3855 maiestatem:
924 3789 985 3854 Hic
1001 3789 1266 3869 contemplativa:

203 3049 229 3106 ¹·
256 3037 431 3104 serenae
446 3037 725 3118 sentententiae,
872 3044 900 3102 4.
928 3037 1065 3118 oqunn
1080 3034 1283 3100 delectarint

1578 3281 1579 3360 l

1578 3403 1579 3480 l

1578 3487 1579 3532 l

1578 3539 1579 3630 l

255 3871 301 3939 Ut
314 3875 387 3942 labe
401 3879 489 3939 terra
503 3873 643 3940 criminis
926 3872 958 3938 Si
975 3879 1147 3938 antemres
1163 3871 1334 3938 discutitur

254 3957 420 4024 Reiormet
434 3957 522 4022 Adae
537 3956 665 4022 seminis
924 3956 1064 4040 (Melior)
1080 3974 1163 4037 quae
1178 3955 1344 4038 quaeritur

254 4042 392 4108 Primam
408 4041 607 4123 dignitatem.
924 4041 1010 4124 (Est)
1027 4041 1173 4121 protinus
1188 4041 1302 4106 activa.

198 4211 227 4272 3.
251 4207 362 4275 Infans
377 4208 471 4287 idem,
485 4207 560 4274 dnm
576 4207 729 4282 nascitur,
869 4211 897 4273 6.
923 4207 950 4272 Ο
966 4206 1084 4272 Christi
1099 4205 1176 4272 ielix
1190 4207 1327 4288 hospita,

252 4291 375 4356 Mariae
388 4293 472 4358 lacte
488 4293 628 4375 pascitur
923 4290 949 4356 O
967 4291 1033 4355 Deo
1050 4291 1145 4372 digne
1159 4290 1288 4371 placita,

252 4375 296 4440 Et
310 4375 382 4442 sinu
397 4374 538 4442 fovetur:
921 4375 959 4439 In
975 4375 1070 4440 coelis
1087 4376 1200 4440 beata:

252 4459 390 4525 Adultus
403 4459 455 4524 hic
469 4459 657 4542 ingreditur,
922 4458 970 4522 Tu
984 4459 1104 4540 pietate
1119 4458 1215 4524 solita

253 4543 341 4608 Aede
355 4543 502 4608 Marthae
517 4544 699 4626 suscipitur,
920 4542 987 4608 Nos
1003 4543 1189 4624 peregrinos
1205 4541 1300 4608 visita

252 4625 299 4694 Ut
316 4625 539 4720 refocilletur.
672 4701 673 4706 Ἰ
920 4625 964 4692 Et
978 4625 1028 4693 lac
1043 4627 1110 4693 Deo
1124 4631 1229 4714 grata
