3210 5230
723 253 954 322 ..542-

196 436 226 498 4.
253 435 323 502 Rex
338 440 494 516 augustus
510 433 746 520 Constantinus,
872 439 900 500 7.
928 433 1083 504 Columna
1095 433 1128 502 in
1143 435 1284 516 ecclesio,

251 521 285 586 Is
300 519 355 600 qui
370 519 550 602 appellatur
564 521 696 604 primus,
926 519 1015 596 Quae
1029 519 1232 603 septuaginta
1248 519 1311 584 duo

252 604 325 669 Tibi
339 603 428 686 iungi
443 605 561 670 voluit:
926 603 1055 670 Fundos
1069 605 1281 668 monasteria:

252 687 329 752 Eius
345 686 657 763 uxorOsstimater‚
925 689 1034 754 Vitam
1050 687 1367 766 ducensvirtuosom,

252 770 314 848 Qui
329 779 380 837 est
393 771 590 836 Katherinao
604 775 709 852 pater,
926 771 1068 854 Sponsae
1084 769 1202 838 Christi
1217 769 1425 850 fructuosam,

250 855 367 921 Mortis
382 855 486 936 legem
501 853 630 920 tulerat.
925 855 962 920 In
999 873 1055 922 ace
1070 853 1254 922 dormieras.

195 937 224 998 5.
252 937 419 1020 Gigniton
436 937 739 1017 ascensurorum,
871 941 900 1002 8.
926 937 974 1004 Ur
1026 937 1311 1005 beataTreverina

251 1023 404 1104 Magnum
419 1021 549 1103 dictum,
565 1019 628 1088 fide
644 1024 790 1106 primum,
926 1021 1031 1106 Caput
1045 1029 1136 1089 tuum
1152 1039 1223 1088 cum
1238 1021 1377 1086 Matthia

252 1107 328 1172 Iure
342 1105 553 1174 matrimonii:
578 1109 582 1118 '
926 1107 1037 1186 Tenet
1053 1123 1147 1188 quem
1163 1105 1353 1172 adveneras:

252 1189 415 1256 Iudaismo
429 1189 531 1273 primo
547 1191 633 1270 data,
925 1189 1308 1272 Oamoenaphilomena,

253 1273 331 1338 Post
344 1273 378 1338 in
393 1272 519 1340 Christo
534 1274 708 1358 baptizato,
925 1275 952 1340 Ο
968 1275 1115 1341 amabilis
1131 1271 1264 1350 Heleno,

252 1359 400 1438 Augusta
418 1358 631 1424 sanctissima.
925 1359 1011 1424 Vota
1025 1363 1137 1424 nostre
1152 1358 1287 1440 suscipe.

198 1439 227 1499 6·
254 1441 377 1506 Novum
393 1443 512 1509 donum
527 1441 586 1506 tibi
601 1442 706 1522 datur,
870 1437 899 1500 9·
926 1443 1076 1510 Matrona
1090 1441 1327 1518 cruciferorum,

251 1525 386 1591 Inventa
400 1543 477 1592 cmx
493 1525 689 1610 deportatur,
926 1527 1067 1593 Patrona
1082 1526 1126 1592 sis
1143 1543 1226 1593 nunc
1239 1525 1368 1589 iliorum

251 1607 355 1675 infers
369 1607 451 1676 hano
466 1609 658 1676 Ierusalem:
925 1611 1017 1677 Pium
1032 1609 1118 1694 sputi
1133 1609 1310 1676 dominum:

252 1693 279 1758 Α
295 1697 328 1758 to
343 1696 414 1760 tota
428 1693 585 1761 honorata
926 1697 1032 1778 Atque
1048 1702 1152 1760 tecum
1167 1693 1367 1775 congaudere

250 1775 313 1842 Est
326 1777 515 1844 Alemannis
529 1777 641 1844 dotata
925 1779 998 1860 Fac,
1013 1795 1072 1844 nos
1086 1777 1188 1844 Deum
1203 1782 1279 1842 tunc
1294 1775 1403 1842 videre

251 1859 440 1928 Sanctorum
456 1863 611 1946 reliquiis.
927 1861 1341 1946 Semperetinsoecuium.

197 2043 233 2096 15
258 1967 409 2098 Μ’·
430 1969 530 2098 titt
547 1969 728 2100 tatto
742 1971 1072 2102 ttttttttt
1090 1971 1174 2028 aa„
1192 1969 1371 2040 ‘'‘S‘d‘m
1388 1967 1437 2036 n,
1454 1968 1498 2022 ³⁵·

267 2131 294 2186 b.
313 2129 497 2186 hosustos.
534 2135 560 2201 o,
581 2135 605 2186 1.
622 2147 694 2188 novo
713 2131 786 2188 dono
804 2129 858 2187 Hs.

599 2413 671 2476 808.
714 2409 767 2477 De
787 2431 813 2477 s.
834 2411 959 2480 Heleno
979 2409 1100 2492 recissa.

203 2547 230 2608 1.
258 2543 474 2610 Adhoncrem
490 2543 706 2630 summiregis
929 2546 980 2620 Ad
995 2562 1049 2612 cor
1064 2542 1158 2624 redit,
1172 2539 1227 2622 qui
1243 2539 1371 2636 erravit.

257 2627 334 2708 Nos,
350 2627 405 2709 qui
420 2645 529 2694 sumus
544 2646 622 2696 oves
637 2629 744 2712 gregis
927 2629 972 2698 Et
986 2629 1111 2712 adorat
1125 2626 1211 2708 quod
1227 2626 1390 2690 damnavit

257 2712 418 2796 spiritalis
432 2729 584 2795 pascuae:
929 2715 1074 2780 iudicum
1089 2711 1231 2778 saevitia.
1339 2791 1345 2804 .

257 2796 662 2879 Orelaudosattoltomus‚
874 2801 902 2862 5.
929 2799 1000 2864 iras
1014 2804 1121 2864 truces
1135 2813 1218 2861 nunc
1233 2792 1363 2874 depomt

256 2881 356 2948 Manu
371 2880 478 2946 lumen
493 2879 711 2964 praeferamus
927 2882 971 2948 Et
984 2879 1101 2963 vagiat
1115 2898 1151 2944 se
1165 2877 1290 2960 reponit

256 2965 428 3048 Lampadio
442 2982 505 3030 non
520 2982 647 3035 vacuae.
928 2963 1153 3046 Persequentis
1169 2961 1311 3044 gladius:

202 3047 231 3108 2.
256 3049 272 3114 I
296 3049 323 3114 si
338 3049 439 3113 honor
453 3049 521 3115 sinc
535 3047 606 3131 fine,
928 3049 1018 3116 Licet
1031 3047 1186 3130 quidquid
1202 3045 1257 3124 vis,
1274 3044 1423 3108 hortatur

286 3131 692 3216 uiHelenaedatreginae
929 3135 1038 3201 Sixtus
1052 3149 1146 3216 papa,
1160 3131 1224 3196 iam
1239 3131 1386 3207 testetur,

258 3217 356 3284 Felici
370 3219 574 3284 commercio:
929 3217 1096 3300 Dispergit
1110 3212 1312 3280 Laurentius.

257 3301 403 3382 Regnum
418 3303 497 3368 cosli
511 3321 571 3386 pro
585 3305 723 3384 terreno,
873 3303 903 3363 6.
929 3296 1375 3392 SomutnotusessotDeus,

258 3385 449 3452 Ubierhoo
463 3387 496 3452 in
511 3387 571 3452 hoc
583 3388 678 3470 pleno
928 3387 972 3453 Et
986 3383 1185 3467 praeclarum
1201 3399 1315 3446 nomen
1330 3395 1398 3444 ems

256 3469 350 3535 Nunc
363 3475 489 3536 eructat
503 3471 630 3551 gaudio.
927 3469 1034 3537 Efficit
1046 3469 1080 3533 in
1095 3465 1257 3548 gentibus:
1302 3547 1308 3560 .

202 3550 231 3612 3.
256 3552 347 3620 Felix
361 3551 440 3618 haec
454 3551 577 3620 felicem
592 3561 714 3634 natum,
928 3553 1017 3622 indis
1034 3551 1163 3634 quidem
1179 3549 1372 3642 etlbons„

256 3637 379 3703 Lumen
393 3636 480 3702 orbis
495 3643 529 3704 et
542 3643 690 3704 ornatum
929 3639 1008 3708 Post
1021 3637 1177 3702 Armenoc
1191 3632 1391 3698 inmittens

257 3721 503 3788 constaminum
519 3722 644 3802 genuit:
928 3721 1017 3787 Fidei
1032 3719 1217 3786 cultoribus.
1322 3797 1329 3811 ι
1364 3795 1371 3809 ‚

256 3807 387 3872 Etcum
403 3805 685 3885 oooontrofidem,
874 3805 902 3863 t.
930 3805 1027 3887 Ergo,
1043 3800 1393 3894 quoehancgenmstu·

260 3889 294 3957 Si
308 3907 372 3970 qua
386 3889 454 3954 late
468 3897 561 3956 erant
575 3890 709 3973 pridem,
929 3889 1034 3956 Mater
1050 3890 1129 3966 eius,
1145 3881 1406 3980 sponsoChrrstr,

257 3973 416 4056 Abrogari
432 3975 557 4040 statuit.
929 3975 1048 4040 Sancta
1061 3970 1166 4054 gaude
1179 3969 1343 4034 Treveris:

201 4054 230 4115 4·
258 4058 371 4126 Mundi
385 4056 464 4124 fides
480 4061 530 4125 cst
544 4058 576 4124 in
591 4061 673 4137 tuto,
928 4057 971 4122 Et
985 4075 1043 4121 nos
1059 4055 1153 4121 simui
1169 4051 1373 4136 gistulemur,

257 4143 627 4220 Iacet,teoetoremuto
929 4141 1030 4207 Simul
1044 4139 1148 4206 Deum
1163 4137 1378 4232 deprecemur,

259 4225 411 4304 Gentium
425 4225 574 4310 perfidia:
929 4223 1285 4308 Deuaporcemisems.

273 4349 298 4388 a
316 4331 410 4388 Text.
445 4335 530 4390 Mons
548 4337 601 4394 No.
620 4333 673 4391 967
693 4336 729 4404 (3,
749 4335 812 4404 336)
830 4349 898 4390 aas:
916 4332 970 4388 Hs.
987 4349 1025 4388 su
1039 4331 1211 4388 Dormotoott
1229 4329 1282 4404 iio.
1301 4329 1362 4383 sen
1380 4323 1430 4378 mit
1447 4320 1494 4376 der

201 4403 333 4474 Meiods'e,
350 4408 393 4458 14.
413 4404 514 4462 Jatrt.
532 4437 566 4448 -
584 4405 684 4462 Daniel
703 4407 737 4474 V,
756 4409 809 4462 297
827 4407 879 4461 tot
895 4405 949 4462 den
966 4403 1037 4460 Text
1055 4421 1108 4460 atta
1125 4401 1219 4462 hicne.

273 4494 299 4548 h.
317 4491 502 4550 Lesorten.
538 4497 566 4562 4,
584 4497 609 4550 4.
638 4495 729 4550 testor
756 4509 835 4566 qaae,
860 4495 898 4550 Μ.
937 4523 971 4536 -
1007 4496 1033 4562 5,
1051 4495 1130 4550 4-6.
1154 4481 1495 4562 ‚,scteinenoeroorten“

202 4565 296 4620 hicne.
315 4593 349 4604 —
368 4563 542 4634 „Sommium
560 4565 693 4638 strophae
711 4564 910 4624 hemistichium
928 4571 1089 4635 corruptum
1106 4559 1341 4620 iudicathionius.
1376 4555 1420 4610 Ex
1437 4567 1496 4606 mea

205 4635 347 4693 contemta
364 4635 553 4709 accipientium
571 4643 614 4697 ost
631 4635 685 4694 hoc
700 4637 797 4694 morio:
832 4637 915 4698 Nunc
941 4637 1006 4694 iicet
1031 4635 1105 4708 quot
1131 4639 1216 4692 antea
1233 4629 1363 4689 trahebat
1380 4623 1418 4684 ad
1434 4639 1495 4694 aun
