3190 5226
255 520 361 620 Caput
374 521 462 604 regis
477 520 598 604 gloriae

256 605 362 688 spmis
376 610 556 684 coronatur,

255 688 429 771 Postquam
443 689 532 756 flexis
552 690 687 772 genibus

253 771 395 855 Quisque
409 773 566 840 irritatur.

205 879 235 939 1.
257 873 339 940 Ecce
355 892 428 940 caro
447 879 559 941 tenera

256 957 306 1023 Pii
321 959 492 1026 salvatoris

255 1041 305 1108 Ad
321 1041 499 1110 columnam
513 1043 659 1126 nequiter

256 1124 430 1194 Coartatur
444 1127 532 1208 loris,

256 1209 309 1276 Sic
323 1208 459 1292 flagellis
474 1210 617 1278 caeditur

254 1294 349 1378 Impii
368 1296 509 1370 tortoris,

255 1377 348 1456 Quod
362 1381 512 1444 emanant
525 1378 620 1444 rivuli

257 1461 407 1544 Undique
428 1461 558 1528 cruoris.

203 1569 233 1633 8.
257 1562 336 1629 Post
350 1581 408 1645 per
421 1563 511 1629 urbis
526 1563 666 1630 medium

254 1649 346 1714 Iesus
360 1646 566 1728 procedebat,

255 1731 300 1797 Et
314 1732 416 1798 crucis
471 1731 609 1800 tibulum

255 1815 405 1881 Humeris
437 1815 557 1897 arebat,

257 1900 309 1966 Ad
323 1899 408 1966 iores
424 1905 458 1965 et
473 1901 556 1967 ostia

254 1983 396 2066 Populus
411 1981 542 2065 fluebat,

254 2066 396 2149 Eiusque
411 2067 555 2134 conlusio

257 2151 411 2218 Omnibus
426 2151 568 2234 patebat.

204 2258 234 2319 9.
255 2251 452 2333 napudoris
469 2251 629 2320 cumulum

257 2336 333 2402 Iesu
347 2335 531 2416 denudaris,

257 2420 301 2486 Et
314 2420 417 2485 ventis
431 2437 469 2485 ac
483 2417 596 2504 frigori

256 2503 371 2570 Nudus
385 2503 541 2586 spoliaris,

256 2590 412 2656 Innocens
428 2589 619 2672 cumimpiis

255 2673 294 2740 In
308 2690 401 2738 cruce
416 2673 578 2739 damnaris

256 2757 300 2822 Et
313 2757 405 2838 quasi
421 2757 484 2821 dux
499 2757 628 2824 sceleris

256 2841 363 2908 Medio
377 2841 502 2908 locaris.

186 2947 235 3010 10.
257 2943 369 3010 Tensis
382 2941 469 3022 ligno
485 2940 624 3010 brachiis

256 3025 372 3092 Manus
387 3023 623 3108 conclavantur,

257 3109 349 3175 Cruci
364 3126 438 3174 caro
453 3109 600 3175 cruribus

257 3193 364 3260 cteris
380 3195 613 3276 tractabantur,

256 3279 354 3345 Nervi
368 3295 466 3344 venae
481 3278 578 3343 simili

233 3405 238 3412 ·
256 3363 352 3430 Modo
366 3361 539 3441 laniantur,

257 3446 377 3513 Pedum
391 3447 521 3530 plantae
536 3447 633 3513 etiam

256 3529 355 3597 Ferro
371 3536 592 3597 concavantur.

185 3638 235 3700 11.
259 3631 388 3696 Fudunt
402 3631 488 3698 rivos
503 3631 668 3712 sanguinis

256 3715 377 3781 Fontes
392 3716 573 3789 salvatoris,

257 3799 438 3882 Properans
453 3799 514 3864 huc
528 3799 636 3865 anima

259 3883 376 3950 Currat
389 3884 576 3965 peccatoris,

259 3965 306 4033 Ut
320 3967 448 4032 hauriat
462 3967 626 4050 quippiam

257 4050 381 4117 Sacrati
397 4051 538 4132 liquoris,

258 4135 319 4213 Qui
334 4133 516 4216 frequenter
530 4135 623 4202 liniat

256 4219 399 4286 Vulnera
415 4218 544 4286 doloris.

186 4310 235 4373 12.
260 4305 409 4386 Loquens
423 4303 514 4369 lesus
528 4307 649 4385 postea,

257 4390 348 4466 Sitio,
365 4387 499 4467 dicebat,

256 4473 325 4550 Fel,
340 4478 465 4538 acetum
480 4471 628 4553 protinus

256 4557 396 4623 Iudaeus
409 4555 573 4634 miscebat,

258 4643 304 4708 Ac
318 4639 454 4706 infusam
469 4641 636 4722 spongiam

258 4725 314 4793 Ori
329 4725 526 4809 porrigebat,

722 340 932 408 ..64-

926 523 1019 602 Quod
1033 523 1207 606 demutans
1221 524 1399 608 paullulum

926 609 1058 676 Sumere
1073 608 1212 678 nolebat.

856 699 904 761 13.
928 692 954 758 Ο
969 693 1042 758 Iesu
1059 692 1199 774 mirifice,

931 776 1016 855 Quid
1030 781 1090 856 est,
1106 776 1191 859 quod
1208 778 1327 858 aiebas,

927 861 975 926 Tu
990 860 1030 926 de
1044 861 1098 927 siti
1114 879 1311 942 conquerens

927 943 976 1010 De
990 961 1084 1010 cruce
1100 945 1237 1010 tacebas.

925 1029 1088 1110 Numquid
1102 1028 1184 1093 hanc
1198 1027 1362 1095 doloribus

925 1112 1031 1194 Magis
1047 1111 1188 1192 sitiebas,

926 1197 993 1262 Aut
1007 1196 1143 1262 salutem
1181 1198 1265 1264 otius

925 1281 1078 1347 Nostram
1093 1217 1247 1348 obseptus

855 1386 903 1450 14.
925 1381 1044 1447 Vocem
1058 1398 1208 1463 promens
1223 1380 1369 1446 ultimam

926 1465 1056 1532 Patrem
1070 1465 1236 1542 invocasti,

924 1548 1141 1632 Spiritumque
1155 1547 1302 1614 menibus

924 1633 1002 1699 Eius
1017 1632 1254 1712 commendasti,

926 1717 1005 1784 Cum
1021 1717 1160 1782 clamore
1176 1715 1282 1783 valido

925 1800 1067 1868 Tandem
1082 1800 1245 1883 expirasti,

929 1884 982 1950 Sic
996 1885 1133 1952 salutem
1148 1883 1311 1949 hominum

927 1970 1014 2051 Opus
1027 1969 1264 2035 consummasti.

855 2073 904 2137 15.
927 2069 996 2148 Quo
1012 2087 1071 2150 ego
1087 2067 1248 2150 superbio,

928 2153 977 2220 'l’u
993 2151 1187 2231 humiliaris;

924 2239 994 2319 Ego
1009 2237 1119 2320 culpas
1134 2239 1293 2318 perpetro,
1332 2253 1337 2259 ·

928 2321 976 2387 Tu
990 2339 1093 2404 poena
1107 2320 1268 2402 moverim

927 2405 997 2488 Ego
1011 2421 1141 2486 pomum
1155 2403 1294 2484 mordeo,

928 2489 976 2555 Tu
991 2489 1065 2555 ielle
1080 2489 1218 2571 poteris3

927 2573 1038 2640 Mollia
1053 2571 1208 2650 desidero,

927 2657 976 2722 Tu
991 2657 1059 2722 dire
1077 2655 1237 2722 mactatis.

857 2763 905 2825 16.
926 2757 1062 2824 Demum
1077 2758 1167 2822 cuius
1183 2754 1290 2820 valeat

926 2842 1018 2908 Mens
1032 2841 1083 2907 vel
1095 2840 1206 2922 lingua
1220 2837 1290 2916 lari,

928 2927 1089 3006 Quantum
1104 2925 1194 3006 virgo
1210 2922 1352 2988 creditur

928 3012 1020 3077 Intus
1036 3009 1180 3089 cruciari,

927 3095 1011 3160 Dum
1026 3094 1129 3159 cernit
1141 3093 1205 3158 iam
1219 3095 1381 3157 mortuum

927 3178 1027 3244 Latus
1043 3177 1209 3256 volnerari,

928 3263 1035 3345 Atque
1050 3263 1118 3328 nati
1132 3261 1255 3326 viscera

927 3345 1053 3412 Lancea
1067 3343 1198 3412 rimari?

857 3457 905 3518 17.
929 3447 1063 3532 Corpus,
1078 3446 1205 3530 quidem
1220 3447 1390 3525 mortuum,

927 3533 996 3600 Iam
1010 3533 1055 3597 nil
1070 3530 1239 3608 sentiebat,

928 3618 992 3684 Sed
1006 3615 1117 3682 militis
1132 3615 1244 3680 lancea

927 3701 1065 3768 Matrem
1084 3697 1306 3778 transfigebat,

929 3783 1031 3862 Quam
1045 3784 1139 3850 lixam
1154 3783 1187 3848 in
1201 3781 1259 3845 tilii

929 3871 1045 3936 Latere
1060 3867 1200 3946 videbat,

928 3953 1021 4020 Unde
1078 3970 1120 4017 ua
1134 3949 1290 4030 sanguine

927 4037 1061 4103 Mixtae
1096 4036 1203 4101 nebat.

749 4159 752 4164 ·
857 4143 906 4206 18.
928 4137 979 4204 Ad
995 4137 1078 4203 bunc
1091 4153 1168 4217 ergo
1183 4151 1321 4218 propera

928 4223 1062 4288 Fontem
1078 4221 1259 4298 salvatoris,

928 4305 975 4372 Ut
987 4305 1117 4371 fluentis
1132 4305 1296 4388 quippiam

927 4391 1067 4457 Haurias
1083 4389 1232 4454 dulcoris.

928 4477 1034 4556 Atque
1046 4475 1132 4539 vitae
1146 4473 1308 4538 lavacrum

928 4559 1071 4624 Pretium
1087 4556 1220 4634 cruoris,

928 4643 1012 4710 Hinc
1026 4643 1074 4707 tui
1089 4641 1212 4707 curatio

927 4725 1070 4793 Profluut
1082 4724 1254 4808 languoris.
