3266 5222
723 367 953 432 ..234-

195 551 224 611 2.
251 544 374 625 Gordis,
390 546 454 610 oris
468 545 657 628 symphonia
924 548 985 614 Eia
998 565 1086 614 mare
1102 547 1148 615 sic
1163 549 1347 630 tranquilla,

251 629 420 696 concinat:
444 630 639 713 Avellaria,
924 633 972 698 Ne
988 632 1151 714 Charybdi
1166 632 1232 698 sive
1247 631 1354 716 Scylla

250 715 329 797 Spes
344 719 378 779 et
392 733 473 780 vena
486 714 611 780 ueniae:
923 717 1144 798 Demergatur,
1161 715 1218 781 sed
1232 718 1381 782 trahatur

249 797 412 864 Inculcata
425 799 569 878 virovia
923 801 985 866 Per
998 806 1032 866 te
1046 817 1101 865 cor
1115 801 1147 865 in
1162 801 1303 866 aethera.

250 883 350 950 Vultu
364 883 494 964 Rachel,
511 881 617 948 fructu
631 881 700 964 Lia,
867 889 896 951 5.
923 883 1265 966 solemulieramicta,

248 965 371 1032 Domus
387 967 572 1050 sapientiae.
922 968 969 1033 De
984 985 1048 1049 qua
1063 969 1201 1033 sumitur
1219 969 1345 1051 depicta

921 1051 1036 1134 Ioseph
1050 1053 1162 1134 pulcra
1179 1054 1302 1118 tunica:

194 1143 223 1204 3.
248 1134 343 1202 Salve
357 1151 552 1216 consurgens
567 1151 693 1214 aurora,
921 1135 1066 1216 Hostem,
1082 1139 1255 1217 pugnatrix
1269 1139 1396 1220 invicta,

250 1218 311 1283 Per
326 1236 421 1301 quam
436 1221 539 1302 prima
553 1218 659 1302 coepit
672 1218 752 1284 hora
922 1219 1029 1300 Vince,
1046 1219 1140 1285 simul
1155 1226 1187 1286 et
1202 1219 1327 1300 delicta,

248 1302 435 1368 Theatistiei
450 1303 641 1386 splendoris:
920 1303 1125 1386 Pugnantum
1141 1321 1215 1387 spes
1230 1306 1331 1370 unica.

248 1385 297 1450 Ex
312 1391 345 1452 te
359 1393 470 1452 natum
484 1387 583 1453 solem
597 1405 662 1470 ora,
866 1389 895 1451 6.
921 1387 1019 1453 Porta
1033 1387 1176 1471 templis
1200 1390 1315 1468 ociosa,

247 1469 334 1535 Rore
348 1471 429 1536 lucis
443 1489 501 1537 nos
517 1473 621 1536 irrora
921 1472 1072 1539 Crescens
1088 1471 1153 1556 (ut)
1169 1409 1209 1537 (fe
1225 1473 1316 1554 spina
1330 1491 1405 1539 rosa

250 1552 306 1638 (0)
322 1553 659 1621 diuiniconcharoris.
920 1557 969 1622 De
983 1556 1148 1638 spinarum
1165 1557 1289 1622 cumulo

922 1639 1110 1723 Synagogae
1126 1641 1255 1722 populo.

191 1727 222 1788 4.
248 1723 286 1788 In
302 1727 342 1804 te,
358 1723 459 1806 virgo,
473 1721 510 1790 fit
524 1723 659 1804 armilla,
920 1723 964 1790 Te
979 1724 1148 1790 laudantes
1162 1725 1195 1788 in
1210 1725 1270 1789 hac
1288 1743 1392 1808 prosa,

248 1805 318 1883 Qua
332 1807 509 1875 Leviathan
523 1809 654 1874 maxilla
921 1809 1032 1890 Virgo,
1046 1813 1151 1874 mater
1164 1809 1314 1890 gloriosa,

247 1890 443 1974 Perloratur,
459 1898 492 1958 et
506 1897 640 1959 ornatur
920 1892 968 1958 De
984 1892 1125 1975 sponsali
1140 1893 1257 1958 lectulo

247 1976 308 2041 Dei
322 1978 426 2058 patris
441 1976 590 2042 dextera:
921 1977 1016 2042 Dicta
1029 1977 1118 2059 pacis
1133 1976 1257 2043 osculo:
1280 1975 1398 2042 Amenl

190 2153 231 2210 B!
257 2083 399 2212 ἓὲθΤιαι.
435 2083 526 2140 Moru
552 2084 605 2140 No.
624 2087 686 2139 201.
712 2083 822 2139 8126.
851 2100 916 2141 aas:
943 2083 997 2142 Ha.
1025 2101 1061 2140 aa
1086 2085 1126 2141 St.
1151 2085 1252 2142 Gallen
1271 2087 1323 2142 546
1347 2083 1497 2160 (Brandcr)

264 2243 288 2299 b.
307 2240 489 2300 Losorion.
526 2245 552 2314 6,
571 2246 596 2300 3.
615 2243 714 2300 talaris
732 2241 786 2298 Hs.

542 2535 613 2597 319.
656 2532 707 2599 De
734 2530 827 2600 beuta
856 2531 974 2599 Mario
1002 2531 1134 2616 urpae.

230 2667 325 2736 Salve
342 2671 453 2734 sancta
468 2685 596 2749 parens,

231 2752 326 2820 Salve
341 2753 432 2834 virgo
447 2751 521 2818 labe
537 2767 656 2831 carens,

230 2835 325 2902 Salve
340 2835 437 2902 decus
452 2836 611 2918 virginum
625 2840 684 2900 eto.

258 2943 353 3001 Text.
389 2943 490 3000 Daniel
509 2943 543 3012 V,
562 2945 621 2998 132.
639 2942 690 3000 hot
708 2941 803 3000 diesen
820 2941 938 3014 Auloop
956 2959 1009 2998 aare
1028 2942 1093 3000 cod.
1113 2943 1145 2999 St
1163 2944 1234 3000 Gall.
1253 2945 1306 3000 546
1334 2943 1493 3018 (Brander).

740 3169 938 3178 -—--·----—

557 3338 629 3400 320.
672 3331 726 3400 De
747 3333 838 3402 leoco
858 3333 975 3401 Maria
995 3331 1128 3415 uirgam

191 3475 218 3534 1.
245 3469 339 3536 Salve
353 3466 470 3534 nobilis
485 3467 576 3550 virga
589 3467 686 3550 Iesse,
863 3473 893 3534 4.
920 3469 1036 3549 Virgae
1050 3467 1100 3536 bis
1115 3468 1301 3550 conposuit,

243 3551 349 3619 Mater
364 3551 494 3631 Christi,
512 3551 625 3633 Maria,
919 3551 1060 3630 Quarum
1075 3569 1140 3616 una
1153 3549 1296 3618 fronduit

245 3635 348 3712 Quam
359 3653 431 3701 cunr
442 3640 573 3701 sanctus
585 3637 700 3702 summi
715 3638 817 3719 patris
918 3635 1013 3702 Plebs
1029 3634 1244 3702 israhelitico:

244 3719 608 3802 Obumbravitspiritus,
918 3719 1139 3800 Hacinuenta,
1155 3717 1270 3783 florida

244 3805 446 3885 Sacravirgo
463 3802 673 3870 foecundatur
916 3803 1113 3886 Designatnr
1126 3802 1261 3885 masida

242 3888 349 3954 Verbo
363 3887 462 3954 misso
481 3886 623 3953 coelitus.
916 3887 1022 3953 Mater
1037 3887 1117 3953 haec
1130 3884 1252 3952 deifica.

186 3971 216 4034 2.
242 3971 335 4048 Quod
349 3971 425 4037 dum
440 3969 531 4037 nobis
546 3972 745 4038 incarnatum
862 3971 891 4032 5.
917 3970 1006 4036 Haec
1021 3977 1072 4037 est
1086 3976 1215 4052 portua
1237 3973 1315 4048 ertu,

243 4055 350 4121 Mater
364 4061 455 4121 casta
468 4056 589 4138 genuit,
917 4053 1019 4131 Quam
1036 4053 1118 4120 vidit
1131 4055 1215 4119 Ezec
1240 4053 1289 4133 ‘el,

241 4137 541 4204 Salutariacvitali
915 4137 978 4204 Per
992 4155 1087 4220 quam
1101 4137 1247 4220 princeps
1262 4136 1422 4217 coelorum

240 4223 362 4288 Fructu
376 4223 468 4304 virgo
480 4221 598 4288 floruit.
917 4222 986 4288 Rex
1002 4219 1328 4288 manuvitEmanuel.

185 4310 215 4370 3.
240 4306 329 4373 Haec
345 4311 396 4371 est
408 4305 461 4370 ille
475 4304 642 4371 flammans
656 4304 766 4386 rubus,
860 4305 889 4368 6.
915 4305 1006 4372 Haec
1020 4309 1071 4370 est
1084 4305 1197 4370 hortus
1212 4303 1410 4384 obfirmatus,

240 4387 751 4470 Quemridittnnqnamdelusus
914 4387 1220 4455 Haecestillelons
1237 4389 1383 4470 signatus

239 4473 368 4557 Moyses
383 4471 553 4539 divinitus:
915 4473 1080 4555 Aquarum
1096 4472 1287 4538 viventium:

239 4557 494 4625 Haecestenim
507 4554 722 4638 materlacta,
915 4555 985 4634 Quo
999 4553 1222 4638 profluxerunt
1235 4556 1366 4634 fluenta,

240 4641 304 4709 Sed
318 4647 526 4710 conservatur
542 4641 664 4710 intacta
915 4639 1326 4736 Saoravitaedooumenta,

239 4725 440 4798 obumbrata
455 4725 599 4797 coelitus.
913 4721 1022 4806 Ipsam
1035 4723 1239 4794 imitantium.
