3186 5254
730 227 957 288 -474-

197 409 226 472 8.
252 403 430 488 Invooetur‚
445 412 625 486 veneretur,

252 489 304 556 Sic
319 490 473 570 medetur,
490 509 548 558 nec
562 492 709 558 laedetur

252 573 355 640 Letali
369 574 543 656 epidemia:

253 657 392 722 Nocivna
407 660 480 741 quis
495 661 606 724 morbo
623 663 723 740 peste,

253 739 340 808 Urbe
356 743 510 826 propapia
527 747 621 824 teste,

252 825 357 906 Ipsius
372 828 403 892 vi
418 827 543 892 eximia.

870 409 899 472 9.
932 403 1042 472 Omnis
1057 405 1151 472 homo
1165 403 1260 472 dicat
1277 420 1390 482 amen,

925 487 970 556 Ut
981 507 1039 572 per
1053 507 1178 555 sacrum
1192 491 1258 556 Dei
1276 487 1403 553 flamen

924 573 967 638 Et
982 591 1039 656 per
1052 573 1137 640 hunc
1150 573 1324 640 athletam
1339 569 1451 636 fortem

925 657 1102 724 Fabianum
1117 663 1150 724 et
1164 660 1365 724 consortem

923 739 1144 824 Impetremus,
1159 759 1269 824 neque
1287 743 1431 805 mortem

923 823 1012 891 Tunc
1027 825 1200 892 secundam
1215 824 1424 900 sentiamus,

922 909 987 975 Sed
1000 915 1034 976 et
1047 928 1132 976 nunc
1145 915 1178 976 et
1192 915 1277 976 tunc
1294 907 1443 974 vivamus
1526 938 1527 990 p

921 993 1051 1060 Etcum
1066 995 1185 1060 sanctis
1200 993 1441 1059 concinamus:
1526 997 1527 1016 ³

920 1077 1065 1158 Sanctus,
1082 1079 1193 1158 Amen,
1209 1077 1378 1142 Alleluia.

265 1202 290 1242 a.
310 1185 403 1240 rear.
439 1184 540 1240 nauso
560 1185 593 1253 v,
612 1189 647 1242 ro
664 1185 714 1238 aar
732 1201 785 1240 aaa
804 1183 864 1238 aaa
888 1185 954 1240 coa.
973 1185 1000 1240 s.
1019 1185 1090 1242 om.
1115 1185 1168 1242 uo.
1187 1187 1241 1240 sae
1265 1181 1434 1264 manau),
1455 1179 1491 1230 ar
1527 1148 1528 1214 l

195 1257 245 1312 der
264 1256 396 1325 Meloda'e,
423 1257 469 1312 die
486 1259 504 1311 3
522 1263 614 1312 craten
632 1256 735 1312 Zeilro.
772 1254 830 1310 Die
848 1255 996 1326 Abrelnssit
1015 1257 1064 1312 der
1082 1255 1206 1326 Quen
1232 1255 1393 1312 verdone
1409 1251 1450 1306 acl
1464 1245 1489 1299 fl·

194 1329 294 1392 Morol.

267 1417 292 1470 b.
312 1416 494 1472 Leoorten.
532 1419 558 1486 4,
577 1417 603 1471 4.
627 1413 770 1472 Viellciclt
788 1415 827 1472 iat
845 1431 882 1472 ru
901 1415 990 1472 kaeu.-
1009 1415 1168 1488 Saerilcgoa
1186 1415 1379 1474 cometando.

746 1673 943 1684 u—-a—-ffl

571 1897 642 1962 704.
685 1891 739 1960 De
759 1913 785 1960 s.
806 1893 947 1962 cauato
968 1895 1120 1978 episeopo.

194 2009 329 2077 (Bisaltas
343 2024 380 2063 aa
399 2006 526 2078 Toopern
543 2009 575 2064 in
594 2010 647 2064 deo
664 2007 884 2079 Niederlouden,
901 2017 970 2082 pest.
990 2013 1033 2067 13.
1052 2010 1118 2068 Mai
1135 2013 1197 2080 384,
1215 2012 1334 2068 cerdrrt
1353 2011 1396 2064 13.
1414 2003 1481 2066 atui.)
1531 1985 1532 2064 l

218 2147 244 2205 l.
268 2141 336 2205 Lux
351 2140 527 2222 praeclara,
543 2141 598 2206 lux
612 2141 763 2222 solennis,

264 2225 301 2290 In
317 2242 379 2305 qua
394 2225 480 2290 vitae
495 2225 550 2288 lux
565 2225 736 2306 perhennis

263 2308 374 2372 lunxit
389 2307 555 2374 Servocio:

263 2391 352 2456 Felix
368 2391 435 2458 vita
449 2389 651 2473 confessoris,

265 2475 362 2541 Cuius
377 2493 498 2541 merces
513 2481 564 2540 est
577 2475 696 2542 laboris

262 2559 357 2626 Vitae
371 2558 553 2626 retributio.

215 2645 243 2706 2.
262 2643 380 2710 Servus
394 2642 534 2726 prudens
549 2645 582 2709 et
596 2641 699 2710 fidelis

262 2727 324 2794 Hic
338 2727 539 2811 promissum,
560 2727 664 2793 sedin
680 2727 776 2794 coelis

261 2812 395 2895 Recepit
410 2810 591 2877 donarium:

264 2895 353 2960 Hanc
369 2895 503 2977 adeptus
519 2899 570 2960 est
583 2896 771 2977 mercedem,

261 2979 385 3044 Haeres
400 2979 492 3060 regni
511 2978 717 3046 cohaeredem

261 3063 351 3128 Fecit
365 3063 604 3130 mercenarium.

214 3149 241 3209 3.
261 3147 381 3213 Christi
396 3148 486 3214 miles
501 3153 533 3214 et
546 3153 701 3230 regnatus

261 3229 351 3298 Stolo
365 3231 468 3313 fulget
482 3231 681 3314 candidatus,

260 3313 363 3392 Quam
377 3313 496 3397 figurat
509 3315 627 3382 lilium:

259 3399 353 3466 Miles
368 3405 483 3482 regnat
496 3401 561 3466 iam
574 3418 645 3466 cum
660 3417 745 3483 rege,

259 3481 359 3560 Quem
375 3489 543 3566 cognatum
559 3485 663 3550 carnis
678 3485 748 3565 lege

258 3567 401 3650 Adoptat
414 3569 447 3634 in
463 3567 573 3634 filium.

210 3647 240 3710 4.
259 3651 310 3718 Ad
325 3657 473 3718 externas
487 3652 633 3734 regiones

258 3735 302 3801 Et
315 3735 443 3816 ignotas
458 3735 608 3801 naciones

259 3819 451 3902 Peregrinus
466 3819 559 3886 exiit:

258 3903 321 3970 Pro
336 3905 475 3970 aeternis
490 3903 532 3968 ad
547 3905 694 3969 externas

258 3987 307 4053 Ab
323 3988 463 4054 externis
480 3987 521 4054 ad
536 3993 685 4054 aeternas

256 4069 439 4138 Mansiones
453 4071 591 4138 transiit.

210 4147 238 4216 5.
256 4151 381 4237 Pauper
396 4155 515 4221 Christi
530 4155 702 4236 revelatur,

257 4238 409 4319 Angelico
424 4241 627 4320 praesulatur

257 4321 388 4387 Electus
402 4323 533 4388 iudicio:

256 4405 337 4471 Visa
351 4405 480 4472 tandem
495 4407 616 4472 visione

257 4489 306 4556 De
320 4488 468 4572 pedanda
483 4490 613 4572 regione

258 4572 463 4644 Formidatur
477 4575 570 4642 ulcio.

887 2147 915 2208 6.
935 2141 1068 2208 Romam
1082 2144 1165 2224 petit
1183 2147 1350 2220 oraturus,
1531 2095 1532 2182 Ῑ

934 2225 1063 2292 Petrum
1080 2227 1146 2310 peti
1161 2228 1337 2308 petiturus,

933 2309 1039 2376 Intrat
1053 2311 1228 2377 oratorium
1242 2333 1249 2376 :

933 2393 1030 2460 Petro
1045 2412 1156 2478 preces
1170 2399 1246 2460 sunt
1261 2393 1401 2470 oblatae,

933 2476 996 2543 Sed
1011 2495 1066 2543 ocr
1079 2479 1184 2560 gentis
1201 2479 1387 2545 obstinatae

933 2561 1073 2629 Veretur
1088 2563 1293 2629 contrarium.

884 2685 912 2744 t.
932 2678 1127 2746 Revertendi
1138 2679 1236 2746 clavis
1252 2681 1352 2747 datur

932 2763 981 2828 De
995 2781 1091 2828 manu
1107 2763 1274 2844 clavigeri:

931 2845 993 2913 Per
1007 2865 1103 2930 quam
1119 2847 1236 2930 duplex
1252 2845 1436 2928 designatur

933 2931 1041 2998 Pietas
1056 2931 1196 3016 propitii.

882 3055 912 3115 8.
931 3047 1059 3116 Clavem
1074 3065 1181 3115 seeum
1195 3047 1403 3114 doctrinalem

930 3133 989 3200 Vir
1003 3133 1161 3199 discretus
1175 3131 1307 3198 detulit:

930 3217 1064 3284 Aestum
1078 3223 1189 3298 eaptus
1205 3215 1393 3284 aestivalem

931 3300 1147 3369 Obnmbratus
1161 3300 1268 3382 periit.

882 3423 910 3484 9.
931 3417 1218 3486 Obnmbrantema
1241 3417 1340 3484 uilam

929 3501 997 3568 Rex
1012 3505 1049 3568 ut
1062 3501 1144 3567 vidit
1158 3435 1271 3583 notia,

929 3587 1151 3652 Poenitentem
1166 3586 1300 3653 Attilam

929 3669 1008 3740 Visa
1022 3669 1106 3737 redit
1119 3669 1237 3752 aquila.

861 3793 909 3855 10.
928 3787 978 3854 Ad
992 3787 1088 3854 fidem
1103 3787 1301 3854 convertitur

911 3872 1007 3962 ⁸Viso
1021 3889 1079 3939 rex
1093 3871 1256 3952 mumulo,

927 3956 1046 4022 Fidelis
1062 3953 1198 4022 efficitur

928 4039 1066 4108 Gentilis
1082 4059 1102 4106 a
1117 4039 1258 4106 credulo.

861 4162 908 4223 ll.
929 4155 1027 4222 Sacro
1042 4153 1130 4223 ionte
1144 4162 1276 4222 mnatns

927 4240 970 4306 Et
983 4242 1016 4306 in
1031 4239 1094 4306 fide
1109 4239 1306 4306 confortatus

927 4324 1034 4391 Gessit
1047 4325 1222 4408 ydolatria:

926 4409 1107 4474 Revocatns
1123 4409 1164 4474 ab
1175 4425 1285 4475 errore

929 4492 1149 4560 Confessorem
1164 4511 1237 4560 cum
1251 4493 1369 4559 honore

927 4577 1064 4644 Remisit
1077 4577 1120 4644 ad
1136 4578 1283 4662 patriam.
