3240 5224
693 370 925 433 -348—

164 550 194 611 3.
219 547 392 630 Augustini
406 548 518 629 regula
895 547 984 614 Tunc
998 547 1049 614 hic
1063 546 1258 614 fructuosius

218 631 344 698 Relicta
358 633 418 698 sub
433 632 565 698 cordula
894 629 1250 698 Praedicatetduleius

219 716 369 782 Fratrum
385 721 418 782 et
432 716 575 783 tunicula
895 713 997 781 Stella
1011 717 1097 782 lucet
1111 715 1228 782 clarius

219 799 433 866 Ministravit:
893 799 1063 866 Matutine.

219 882 315 950 Ensis
331 901 440 950 necem
455 885 592 967 parvula
839 893 868 955 5.
896 883 923 949 Ο
938 883 993 949 lux
1008 883 1231 950 meditantium

220 967 620 1052 Cumturbapaupercula
893 968 1001 1034 Decus
1016 966 1267 1051 praedicantium

220 1052 346 1134 Martyr
359 1059 467 1119 mente
481 1053 594 1120 sedula
894 1051 1022 1119 Titulus
1037 1051 1204 1118 humilium

219 1135 406 1216 Flagitavit.
890 1135 988 1202 Prece
1003 1135 1072 1220 pia:

164 1223 195 1285 4.
221 1219 287 1286 Sed
300 1225 338 1285 ut
354 1219 397 1286 sit
411 1220 592 1288 Anthonius
893 1220 988 1304 Apud
1003 1220 1065 1285 Dei
1078 1219 1179 1285 filium

220 1303 340 1370 Praeco
355 1305 571 1387 peragramus,
894 1303 999 1370 Corda
1016 1305 1224 1370 militantium

220 1388 532 1454 Ordinatinmelius
894 1389 980 1455 Inte
995 1387 1212 1455 confitentium

220 1471 312 1538 Mens
328 1471 450 1538 divina:
508 1521 516 1538 .
895 1471 1046 1540 Concilia.
1075 1473 1188 1538 Amen.

236 1579 329 1638 Teaet.
365 1579 443 1638 Miss.
461 1579 541 1636 fratr.
560 1579 647 1637 Paris.
667 1581 744 1634 1620.

525 1869 597 1930 500.
640 1863 694 1930 Dc
714 1883 740 1929 s.
762 1863 902 1929 Antonio
922 1861 961 1926 de
981 1859 1108 1926 Paduo.

167 2013 195 2073 1.
221 2001 305 2070 Olim
319 1999 438 2067 mundo
452 1999 628 2065 minoratus
838 2003 867 2063 3.
892 1996 954 2062 Hic
968 1995 1098 2078 superni
1112 2009 1229 2076 praeco
1244 1992 1340 2088 regis,

219 2089 257 2154 In
273 2086 420 2168 supernis
436 2089 606 2150 coronatus
893 2079 987 2147 Tuba
1001 2089 1116 2146 tonans
1130 2095 1231 2144 novae
1245 2076 1325 2156 legis

220 2171 354 2236 Exultat
369 2167 558 2234 Anthonius.
893 2160 1259 2246 Flagrabatutiaeula:
1300 2243 1306 2256 Ι

221 2255 286 2321 Gur
300 2258 499 2334 quaeruntur
513 2251 564 2316 hic
579 2251 738 2316 honores?
893 2250 1029 2330 Magnos
1044 2265 1176 2312 monens
1190 2249 1224 2310 et
1238 2243 1369 2326 pusrllos

220 2339 272 2404 En
286 2337 442 2402 honorum
457 2339 694 2419 contemptores
894 2333 966 2398 Non
981 2331 1137 2414 palpabat
1150 2330 1207 2394 hos
1222 2333 1255 2394 et
1268 2328 1341 2393 illos

220 2419 587 2500 Honoranturamplius.
895 2417 1004 2498 Aeque
1018 2416 1142 2481 librans
1157 2412 1291 2494 singula.

167 2514 195 2574 2.
223 2503 395 2586 Augustini
409 2509 523 2569 tenens
540 2521 692 2582 normam,
839 2506 868 2566 4.
896 2499 990 2566 Caeci
1004 2499 1125 2579 vident,
1140 2497 1221 2562 muti
1236 2495 1345 2561 fantur

221 2589 300 2656 Post
313 2587 440 2654 vivendi
456 2591 583 2654 mutans
598 2586 733 2653 formam
895 2583 938 2650 Et
954 2581 1094 2648 defuncti
1110 2581 1306 2648 suscitantur

221 2673 273 2739 Ad
287 2672 424 2739 maiores
438 2672 583 2738 transiit:
895 2667 958 2733 Per
972 2667 1072 2751 ipsius
1087 2665 1218 2732 merita:

222 2757 289 2824 Sub
305 2756 473 2821 Francisco
489 2761 580 2837 patro
596 2754 717 2836 degens
894 2751 956 2816 Per
970 2753 1055 2817 hunc
1069 2751 1162 2818 nobis
1176 2767 1233 2814 rex
1248 2746 1410 2813 coelorum

221 2841 266 2906 Et
279 2859 338 2924 pro
354 2840 481 2905 Christo
495 2837 599 2906 iactus
615 2855 712 2920 egens
895 2837 960 2902 Det
974 2835 1117 2920 praemia
1131 2833 1321 2915 gaudiorum

222 2925 354 2990 Goelum
370 2924 459 2989 dives
474 2923 577 3006 petiit.
895 2919 959 2986 Per
974 2927 1140 3003 peccatum
1154 2916 1290 3002 perdita.
1314 2913 1425 2979 Amen.

239 3031 335 3088 Text.
372 3031 451 3088 illias.
470 3031 549 3087 fratr.
568 3031 649 3086 Paris
669 3031 746 3085 1520.

720 3187 920 3196 ...---——-·-

611 3325 683 3386 501.
726 3320 778 3388 De
798 3339 824 3384 s.
846 3317 1031 3400 Ανῦοφαείο.

168 3437 248 3508 (cleo.
266 3438 299 3492 io
317 3437 367 3492 der
384 3435 566 3506 Loudsciost
583 3435 719 3508 Guyeuoe
735 3437 767 3490 iu
785 3433 972 3504 Fraukreich,
996 3435 1049 3488 673
1067 3447 1132 3488 aum
1148 3429 1273 3498 Bieclaof
1287 3440 1342 3481 ooo
1359 3421 1469 3479 cerass-

411 3509 482 3579 bury
500 3508 627 3579 auehit,
643 3512 712 3578 uest.
730 3509 775 3562 21.
793 3507 855 3564 Jalt
872 3509 934 3577 678,
951 3505 1063 3561 veretri
1080 3507 1125 3558 21.
1144 3501 1227 3570 Juli.)

191 3637 219 3698 1.
241 3629 368 3696 Laudes
384 3629 452 3694 Deo
468 3647 573 3712 pange
587 3629 714 3695 sincera
726 3646 803 3695 voce
817 3625 923 3696 fidelis
937 3628 1082 3708 ecclesia,

189 3721 220 3780 2.
243 3714 332 3792 Quae
348 3713 456 3796 sponsi
471 3715 607 3796 replicas
622 3713 671 3779 tui
684 3715 851 3794 patrisque
865 3713 950 3779 leste
967 3713 1121 3780 solemnia

191 3804 221 3864 3.
243 3799 425 3879 Aruogasti,
441 3798 600 3879 praesulis
616 3795 736 3863 Christi
750 3797 886 3864 uirtutes
900 3795 1182 3868 meritoirecolens.
1430 3867 1437 3881 .

190 3888 220 3950 4.
243 3881 398 3948 Laetetur
412 3887 504 3948 tanto
518 3879 582 3946 filio
597 3885 702 3946 mater
715 3881 890 3963 Hybernio,
915 3881 1037 3946 exultet
1051 3879 1177 3961 hospite
1190 3872 1341 3952 religiose
1355 3866 1469 3936 Gallra.

193 3971 222 4032 5.
244 3965 293 4030 Tu
308 3984 424 4048 sponso
439 3965 543 4047 gaude
557 3963 654 4047 fideli,
676 3969 712 4030 tu
726 3971 820 4047 patre
834 3965 1120 4048 optimo,‘⁸pastore
1134 3953 1470 4040 uncussimoglaeure

193 4138 223 4199 6.
245 4133 306 4198 Hic
320 4050 617 4216 {ssffssgltrffgirgtilrbi
631 4137 736 4214 natus,
751 4133 784 4198 in
799 4131 926 4198 Christo
942 4127 1170 4214 te'progenuit‚

192 4225 221 4283 7.
244 4215 373 4282 Christo
389 4217 591 4301 despondens
605 4224 638 4284 te
654 4217 809 4300 virginem
824 4214 1212 4299 exhiberelcastissimam.

190 4307 221 4366 8.
243 4299 349 4366 Huius
364 4301 541 4398 doctrinam
555 4301 722 4400 praesulis,
748 4301 809 4368 Dei
823 4300 968 4383 eloquiis,
994 4300 1141 4365 columna
1155 4289 1366 4360 mundissima
1379 4286 1471 4350 dear-

192 4473 221 4532 9.
245 4389 645 4618 Ουίυὲθέἕξρέὲξὲῗὶἓίε
656 4468 751 4534 fidem
761 4469 974 4553 purissimam,
986 4487 1083 4552 quam
1095 4469 1255 4532 monstras
1267 4475 1363 4544 opere
1374 4455 1471 4531 claro,

338 4569 371 4618 es
408 4571 453 4618 rus
468 4570 605 4618 nomme.

173 4640 223 4700 lo.
246 4634 344 4701 Cuius
358 4636 533 4703 virtutibus
547 4635 693 4718 plurimis
708 4637 808 4720 polles
824 4637 931 4704 divium
944 4637 992 4703 illi
1006 4635 1212 4721 qmjcontulit
1225 4629 1340 4714 gratie.
1374 4713 1392 4727 ..

174 4724 223 4784 ll.
245 4719 328 4786 Nam
343 4721 509 4803 apostolici
524 4721 675 4804 principis
689 4739 784 4788 verus
799 4738 963 4788 successor
977 4719 1081 4788 undas
1096 4718 1267 4786 calcabiles
1281 4717 1420 4794 transnt,
