3210 5230
712 285 944 348 -563—

250 470 278 524 h.
297 468 480 524 Losorion.
520 473 542 538 1,
563 471 588 522 2.
606 467 761 539 Margarita
779 470 812 522 A.
842 497 874 508 -
903 471 925 536 l,
946 471 969 520 2.
990 465 1112 536 pretiosa
1131 467 1189 522 BD.
1227 496 1260 505 -
1299 469 1322 534 1,
1342 467 1367 519 6.
1387 465 1479 520 lassor

180 541 292 610 gaudes.
311 540 350 594 M.
378 570 412 580 -
445 543 470 608 2,
490 543 515 594 4.
535 540 608 608 quod
627 541 655 596 C.
693 570 726 581 -
763 543 788 606 2,
808 542 832 593 6.
854 537 914 592 Der
936 537 1003 591 Vera
1021 538 1061 591 ist
1079 555 1115 592 aa
1134 538 1208 607 lonp,
1232 537 1369 592 oiellcr'cht
1388 537 1479 590 barser
1572 545 1576 560 ·

179 613 309 668 fomitem.
327 611 365 665 M.
386 641 419 652 —
439 615 465 678 3,
485 613 509 664 4.
529 611 589 666 lieri
607 611 668 668 AD.
688 642 721 652 -
742 615 766 678 3,
785 613 810 664 ὅ.
830 624 901 678 quae
919 611 952 663 A.

531 887 602 946 841.
644 881 697 950 De
717 901 742 948 s.
766 882 975 966 Marporotha
997 903 1024 946 o.
1047 888 1076 947 et
1096 902 1137 946 m.
1184 885 1190 894 '

185 1021 210 1080 l.
238 1016 455 1098 Margaretam
473 1018 659 1098 preciosam,
876 1020 904 1080 6.
923 1017 1045 1083 Ridens
1060 1015 1179 1098 gaudet
1194 1012 1350 1096 passione,

238 1099 395 1182 Sponsam
411 1099 528 1165 Christi
544 1118 742 1180 generosam,
926 1099 1114 1165 Conlortata
1127 1101 1159 1165 in
1179 1117 1281 1180 agone

239 1183 436 1250 Veneremur
450 1184 553 1250 hodic.
924 1184 1012 1248 Nutu
1029 1185 1130 1248 sancti
1149 1181 1294 1248 flaminis.

186 1269 213 1328 2.
240 1268 271 1335 A
286 1269 396 1350 gentili
413 1275 503 1352 patre
518 1275 604 1340 nata.
879 1272 905 1332 7.
924 1268 973 1334 Ex
988 1274 1172 1349 contemptu
1187 1272 1389 1350 provocatur,

240 1353 318 1418 Fide
335 1352 462 1418 Christo
480 1353 684 1434 desponsata,
926 1355 1019 1433 Aqua
1033 1353 1125 1416 iussu
1139 1355 1359 1434 praeparatur,

240 1439 307 1520 Ipsi
321 1437 390 1516 regi
406 1436 537 1518 gloriae.
925 1436 962 1500 ln
978 1453 1034 1501 vas
1049 1437 1139 1516 virgo
1154 1435 1319 1516 mergitur.

185 1517 214 1578 3·
240 1522 375 1588 Rectam
390 1520 484 1586 fidem
501 1521 575 1586 darm
591 1526 741 1602 sectatur,
878 1525 906 1584 8.
927 1519 1098 1601 Tyrannus
1113 1521 1225 1584 videns
1241 1519 1397 1593 illaesam,

241 1607 343 1670 Domo
358 1606 459 1688 patris
474 1603 690 1686 propulsatur,
926 1603 1047 1669 Clausit
1061 1609 1154 1667 antro
1169 1603 1267 1683 virgis
1281 1619 1417 1680 caesam,

241 1689 364 1756 Nutrici
381 1707 416 1754 se
433 1687 578 1752 contulit.
926 1689 1067 1752 Daemon
1083 1695 1209 1752 terrens
1225 1687 1374 1752 cernitur.

187 1771 217 1829 4·
243 1773 408 1843 Generosa
423 1790 498 1837 oves
514 1772 611 1853 pavit,
879 1777 908 1834 0.
927 1770 979 1837 Ad
994 1789 1176 1836 mucronem
1191 1770 1297 1835 cervix
1312 1776 1413 1847 tensa,

242 1857 344 1934 Quam
360 1853 541 1938 praelectus
559 1855 727 1933 adamavit,
927 1855 1006 1919 Orat
1020 1873 1096 1920 voce
1112 1872 1182 1919 cum
1197 1855 1352 1918 immensa

243 1943 307 2007 Sed
320 1940 400 2006 haec
417 1939 578 2005 Christum
594 1939 756 2020 praetulit.
928 1938 991 2003 Pro
1007 1957 1040 2002 se
1057 1939 1292 2004 venerantibus.

188 2019 216 2078 5·
244 2025 297 2092 Ad
312 2023 454 2090 tribunal
470 2028 693 2105 praesentatur
862 2031 908 2090 10.
929 2023 1002 2089 llox
1018 2022 1186 2104 spopondit
1202 2037 1334 2102 regnum
1352 2017 1441 2095 coeli,

245 2108 286 2172 Et
300 2113 396 2173 exuta
410 2105 600 2190 flagellatur,
927 2107 1125 2172 Promissum
1141 2109 1235 2187 pacto
1250 2103 1336 2169 fideli

244 2192 364 2256 Fluunt
378 2191 437 2254 rivi
454 2191 627 2272 sanguinis.
929 2191 1058 2255 Coriolis
1073 2197 1106 2254 te
1125 2189 1342 2255 laudantibus.

258 2316 283 2354 a.
303 2299 396 2352 Text.
432 2298 523 2353 Morol
542 2299 594 2353 No.
613 2301 673 2352 488.
693 2301 720 2351 S.
739 2303 791 2353 274
812 2317 876 2353 aas:
896 2297 947 2354 Hs.
966 2316 1003 2353 aa
1020 2298 1060 2354 St.
1076 2297 1177 2354 Golden
1194 2298 1310 2353 1111140
1329 2293 1484 2366 1111111111),

187 2371 233 2424 Β1.
252 2374 302 2424 141
321 2371 373 2424 mit
393 2369 442 2423 cler
460 2369 636 2438 Aufsclara'ft:
664 2370 784 2424 Pulchra
803 2371 956 2438 sequeutia,
976 2371 1053 2428 cuius
1073 2369 1161 2437 prima
1179 2369 1275 2424 littora
1293 2381 1421 2422 versuum
1440 2379 1485 2417 so-

188 2448 238 2496 nat
256 2442 490 2510 Margaretam
510 2441 564 2510 (A).
584 2470 617 2480 -
636 2441 715 2495 Miss.
734 2442 858 2508 Mogunt
880 2445 947 2497 1507
966 2441 1018 2509 (Β).
1057 2442 1189 2498 Clichtov.
1207 2441 1256 2508 IV,
1274 2440 1326 2494 20ss
1347 2437 1397 2506 (C).

260 2531 285 2584 b.
305 2528 490 2585 Losorion.
530 2533 554 2592 1,
577 2532 598 2582 l.
617 2529 798 2596 Margaritam
817 2530 849 2584 Α.
868 2530 1018 2598 gloriosam
1037 2531 1065 2585 C.
1086 2559 1119 2569 -
1145 2533 1167 2597 l,
1186 2533 1212 2582 2.
1231 2527 1385 2596 speciosam
1404 2525 1432 2579 C.
1453 2553 1485 2564 -

190 2631 223 2641 -
243 2603 268 2668 2,
287 2604 312 2656 3.
332 2601 443 2656 Christo
461 2614 518 2668 reg.
538 2599 569 2652 B.
588 2630 623 2640 -
643 2601 668 2667 3,
689 2605 712 2653 1.
732 2599 750 2654 i.
769 2602 922 2654 insectatur
941 2601 969 2657 C.
990 2631 1023 2640 —
1043 2604 1067 2668 6,
1089 2604 1114 2655 3.
1133 2618 1155 2656 s.
1174 2599 1290 2667 spiritus
1309 2599 1342 2652 A.
1363 2627 1396 2636 -
1416 2599 1442 2662 7,
1461 2597 1486 2648 2.

189 2671 284 2740 Iudex,
304 2687 377 2741 aqua
394 2672 448 2727 BC.
469 2701 502 2710 -
524 2675 566 2736 10,
586 2675 610 2724 2.
629 2672 674 2726 Pr.
694 2671 821 2728 Christus
841 2673 869 2728 C.

544 2886 615 2947 812.
661 2883 710 2948 De
732 2904 756 2946 s.
780 2881 971 2965 Margaretu
992 2903 1020 2946 o.
1043 2889 1072 2948 ct
1093 2903 1133 2947 m.

195 3025 220 3084 l.
246 3017 326 3098 Regi
342 3016 448 3081 divino
464 3035 527 3081 uno
543 3023 576 3080 et
592 3015 676 3080 trino
922 3016 1003 3080 Nam
1020 3019 1052 3080 et
1068 3033 1160 3081 roseo
1175 3032 1212 3080 ao
1228 3016 1369 3080 eburneo

247 3099 333 3248 Lauls
362 3099 551 3182 perhennis,
586 3098 682 3164 decus
713 3099 756 3166 sit
785 3107 818 3166 ct
921 3101 1021 3181 Virgo
1048 3100 1227 3182 praedulcis
1253 3099 1391 3164 micabat
1416 3114 1488 3161 can-

292 3183 404 3265 goria,
965 3186 1052 3249 dore.

247 3268 331 3334 Miro
345 3267 505 3342 tenellam,
527 3275 652 3348 gratam
668 3265 818 3348 puellam,
866 3275 894 3334 5.
919 3266 1008 3344 Quae
1035 3266 1108 3331 dnm
1135 3265 1291 3348 praesidis
1307 3269 1353 3330 ’11
1383 3272 1490 3347 tyran-

248 3351 464 3431 Margaretum
480 3353 533 3430 qui
550 3349 664 3415 ditavit
683 3350 795 3430 gratia
966 3349 1049 3416 nidis

195 3441 224 3502 2.
251 3435 359 3516 Stirpe
373 3435 451 3499 haec
467 3433 553 3499 clara
570 3441 648 3498 nata
662 3433 804 3513 Fernale,
922 3433 1092 3500 Promissis
1104 3436 1136 3497 11
1147 3432 1311 3498 minisnon
1319 3431 1490 3510 seducitur,

252 3517 396 3584 Stimulis
426 3517 519 3582 annis
548 3519 728 3600 primaevae
765 3535 817 3582 ae·
923 3519 1030 3584 Variis
1046 3517 1157 3599 poenis
1173 3521 1205 3582 et
1221 3515 1382 3598 suppliciis

295 3601 371 3666 tatis
922 3606 959 3670 In
976 3619 1104 3666 carcere
1115 3599 1295 3682 torquenda
1306 3597 1491 3665 recluditur.

250 3685 360 3768 Coepit
377 3702 483 3749 carcre
499 3684 586 3758 luxu,
605 3684 677 3750 fidei
869 3695 896 3756 6.
924 3688 994 3752 Non
1011 3687 1088 3751 sinit
1102 3683 1187 3749 111111
1202 3703 1236 3749 11
1252 3703 1271 3750 a
1285 3683 1364 3748 recti

249 3771 343 3851 Cepit
357 3786 497 3833 amorem
513 3771 546 3831 et
560 3769 728 3834 castitatis.
923 3771 1074 3850 Tramite,
1098 3787 1160 3834 non
1183 3771 1312 3834 oberrat
1334 3767 1409 3832 durn
1425 3766 1491 3830 vin-

194 3859 223 3920 3.
249 3855 286 3918 ln
316 3871 379 3934 quo
408 3851 584 3934 persistens
612 3857 645 3915 11
674 3871 735 3914 non
766 3851 820 3915 de·
969 3854 1060 3918 citur.

294 3938 411 4002 sistens
923 3937 984 4001 Est
999 3936 1097 4017 virgis
1113 3953 1215 4015 caesa,
1231 3935 1305 4016 igne
1320 3935 1443 4011 illaesa,

251 4019 333 4086 Odia
348 4019 449 4102 patris
465 4023 501 4083 ut
516 4019 604 4083 nulla
619 4019 755 4099 expavit.
925 4019 1055 4085 Patiens
1070 4021 1103 4084 in
1118 4037 1210 4084 cruce
1226 4019 1375 4084 cernitur.

250 4103 328 4170 Post
343 4103 505 4186 genitricis
521 4107 654 4167 mortem
675 4101 808 4166 nutricis
869 4109 898 4167 7.
924 4103 995 4168 Ictu
1011 4103 1110 4184 gladii
1126 4121 1231 4184 passo,
1247 4101 1356 4184 gaudii
1402 4163 1406 4172 .

251 4187 392 4270 Simplex
408 4191 444 4251 ut
459 4204 558 4267 agnus
571 4187 711 4251 oviculas
723 4186 820 4268 pavit.
925 4187 1063 4252 Consors
1079 4183 1201 4251 uranici
1215 4185 1327 4252 effecta
1339 4191 1389 4251 est
1399 4185 1493 4255 laeta.

194 4277 223 4334 4.
253 4271 353 4348 Quam
370 4270 511 4336 Olibrius
527 4270 636 4335 videns
650 4271 765 4352 impius
925 4270 1044 4336 Christi
1059 4271 1133 4350 filia,
1151 4289 1214 4336 non
1231 4269 1353 4336 associa

251 4355 325 4420 Mox
340 4355 373 4420 in
388 4355 489 4436 ipsius
506 4355 625 4418 exarsit
639 4372 757 4418 amore.
924 4354 1081 4420 Laetitiae
1095 4360 1256 4434 aeternae,
1273 4355 1494 4436 oMargarcta.

208 4505 210 4508 .
265 4463 359 4518 Text.
397 4463 485 4518 Morel
505 4463 556 4516 No.
576 4465 637 4518 409.
657 4461 685 4516 S.
703 4463 757 4515 275
782 4479 849 4515 aas:
877 4460 928 4515 Hs.
958 4461 1174 4517 1181011115
1197 4461 1495 4532 5154613111111),

194 4533 241 4587 Bt.
262 4539 321 4589 111.
359 4533 411 4589 Hs.
431 4551 467 4588 aa
486 4533 651 4588 Eiusieuleln
669 4534 722 4587 No.
744 4536 804 4588 106.
832 4533 910 4589 Miss.
940 4533 986 4588 des
1013 4533 1173 4590 15111111.
1209 4534 1291 4602 „Der
1311 4533 1382 4588 Text
1407 4535 1446 4587 ist
1465 4536 1496 4587 irs

197 4607 294 4660 beiden
303 4605 372 4661 Hes.
392 4605 553 4674 verdorherc,
572 4607 632 4660 arad
649 4604 758 4659 hieron
769 4604 990 4673 ainipenStellen
1000 4605 1373 4676 111111111111191119111111ιέι
1396 4605 1496 4660 Morel.

1226 4759 1294 4824 36*
