3218 5234
704 412 934 474 -133-

165 601 200 660 8.
230 590 328 670 Cave,
342 589 432 671 Iuda,
448 608 487 655 ne
503 591 674 674 damneris,
850 603 878 663 9.
905 591 984 671 Tua,
1001 591 1138 672 Christe,
1152 599 1227 658 sunt
1241 591 1320 660 haec
1335 593 1426 674 mira,

228 673 334 755 Petro,
350 692 448 752 sume,
462 678 499 739 ut
513 675 656 758 salveris,
905 677 1301 744 Servaeumentesebira

229 755 562 825 Cibusestfidelium:
904 759 1035 826 Iudicii:

228 841 540 909 Adcuiuamensam
555 847 698 909 armatur
904 845 1064 910 Ornauos
1080 845 1317 928 vestegratiae,

228 925 650 1008 luctuareusetnudatur,
905 927 1048 994 Defende
1063 927 1252 996 nosaiacie

228 1009 636 1078 Praedafactushostium.
903 1011 1069 1096 Supplicii.

903 1096 1082 1178 Reparator
1097 1095 1246 1174 salvifice,

903 1181 1024 1261 Dignos
1039 1179 1109 1246 cibo
1123 1197 1182 1246 nos
1198 1179 1295 1260 effice,

902 1263 1060 1330 Medicine
1075 1263 1199 1330 coelice.

244 1384 271 1424 a.
288 1367 384 1424 Tect.
421 1369 997 1440 Nealep.2d.eMiss.Pragensi1522.
1034 1401 1068 1414 -
1105 1371 1205 1428 Daniel
1224 1371 1259 1438 V,
1275 1375 1336 1426 211.
1356 1371 1406 1426 iot
1425 1371 1478 1424 deo

167 1439 246 1495 Text
264 1457 316 1496 aas
335 1441 430 1496 Neela.

245 1530 272 1584 b.
290 1528 447 1583 Bemerk.
486 1535 510 1600 1,
528 1535 553 1588 6.
571 1531 655 1586 Esse
674 1545 725 1600 pro
744 1531 894 1586 essentiam
913 1532 956 1586 val
974 1539 1103 1587 naturam
1122 1533 1210 1587 utitur
1227 1538 1318 1602 poeta
1338 1529 1476 1586 Nesia-

169 1600 497 1741 &gituxeinleffig'debet
514 1601 691 1658 medicinit
709 1601 859 1672 coelica,
887 1603 930 1658 vel
958 1603 1129 1658 medicine
1153 1619 1204 1674 pro
1222 1602 1356 1658 medice
1375 1603 1476 1658 vitiose

611 1993 680 2054 163.
723 1987 846 2054 Diebus
867 1987 1042 2054 ommacio

198 2133 224 2192 1.
247 2125 344 2192 Stans
359 2144 379 2190 a
392 2125 496 2207 longe,
512 2125 566 2204 qui
582 2123 719 2208 plurima
733 2128 937 2208 perpetrarat
951 2123 1092 2190 facinora

194 2216 223 2276 2.
246 2211 349 2292 Atque
364 2227 423 2275 sua
437 2207 602 2274 revolvens
618 2225 726 2274 secum
742 2209 883 2288 ommino,

193 2300 222 2360 3.
245 2293 382 2360 Nolebat
396 2293 464 2359 elta
478 2294 694 2376 contemplare
709 2293 788 2360 coeli
803 2294 928 2376 sydera,

192 2385 222 2443 4.
245 2376 308 2443 Sed
321 2377 460 2444 tundens
474 2383 587 2460 pectus
603 2377 680 2443 haec
694 2378 864 2459 promebat
877 2395 932 2443 ore
948 2377 1133 2444 lacrimans:

193 2467 222 2526 5.
244 2461 331 2526 Deus
345 2461 502 2545 propitius
518 2467 588 2526 esto
603 2461 680 2526 mihi
694 2462 855 2542 peccatori

193 2550 220 2610 6.
244 2545 287 2611 Et
300 2564 374 2612 mea
388 2545 494 2611 omnia
507 2545 579 2627 pius
594 2545 666 2610 deie
681 2541 832 2612 facinora.

193 2635 222 2695 7.
244 2629 313 2694 Hac
328 2647 403 2694 voce
418 2628 589 2710 benignam
604 2629 782 2712 promeruit
796 2629 1005 2708 clementiam,

192 2725 222 2784 8.
244 2713 311 2778 Nec
326 2731 389 2778 non
405 2717 438 2778 et
452 2711 646 2778 iustificatos
661 2713 748 2778 veuit
763 2712 891 2778 domum
907 2731 1006 2778 suern.

191 2803 221 2863 9.
245 2795 343 2863 Cuius
358 2815 416 2862 uos
433 2813 525 2862 sacre
539 2802 701 2863 certantes
718 2799 862 2880 exempla
877 2797 1020 2862 dicamus
1033 2795 1119 2862 Deo:

171 2887 221 2947 10.
244 2881 331 2947 Deus
344 2880 480 2963 benigne
494 2882 597 2946 nostri
611 2881 762 2948 miserere
775 2881 886 2948 laxans
901 2880 1012 2948 debita

171 2972 221 3034 11.
243 2964 332 3032 Mitis
346 2969 380 3030 et
394 2983 452 3030 nos
467 2964 614 3030 iustifica.

242 3072 336 3130 Text.
373 3072 474 3130 Daniel
494 3073 529 3145 ΙΙ,
548 3075 591 3129 58.
618 3073 668 3128 irat
696 3074 741 3128 dic
758 3077 784 3127 1.
803 3073 880 3128 Zeila
899 3089 951 3128 aas
978 3073 1044 3128 cod.
1071 3072 1147 3130 Mon.
1166 3076 1191 3128 6.
1218 3087 1290 3130 eaeo.
1308 3073 1356 3128 XI.
1382 3071 1400 3128 f.
1420 3077 1473 3142 37„

170 3161 285 3201 woroas
296 3143 333 3199 Η.
354 3144 447 3200 Christ
464 3149 520 3200 mir
539 3146 584 3200 dia
600 3161 690 3215 ponae
708 3145 833 3214 Sequens
851 3143 1071 3214 capescendas.

738 3371 926 3380 ..ι-...μ

610 3541 678 3604 164.
722 3535 774 3602 Dc
795 3535 846 3602 dic
867 3533 1036 3601 dominico.

175 3679 202 3738 l.
229 3671 346 3736 Omnes
360 3687 424 3735 uno
439 3668 645 3752 celebremus,
847 3675 875 3740 3.
900 3668 938 3734 In
955 3685 1019 3749 qua
1032 3683 1094 3748 pax
1111 3663 1274 3747 Apostoiis

229 3753 630 3821 Celebrendoreneremus
901 3749 1256 3817 Daturcleusisianuis

228 3838 347 3905 Christi
362 3857 446 3904 nuuc
461 3837 630 3904 solemnia:
901 3835 1212 3902 Adivinonrunere:

228 3922 310 3988 Ecce
325 3922 394 3988 dies
409 3941 545 4004 magnus
559 3923 630 4002 Dei,
902 3921 1018 4000 Inque
1036 3915 1292 4013 senctiSpiritus

228 4006 306 4072 Dies
322 4007 609 4088 summaerequiei,
903 4004 986 4068 Sunt
1001 4001 1114 4083 repleti
1128 4007 1234 4082 gretia

228 4091 304 4156 Dies
320 4097 372 4156 est
386 4089 553 4156 dominica.
794 4099 797 4106 ’
902 4087 1057 4153 Doctores
1073 4085 1233 4152 ecclesiae.

173 4174 267 4240 2.1n
305 4192 368 4323 olon
403 4175 540 4242 muudus
575 4172 713 4256 sumpsit
747 4189 800 4236 ex·

274 4277 310 4324 or
332 4277 409 4339 uum,

228 4341 674 4425 Inquavitaeepitinitium,
847 4345 877 4404 4.
899 4339 940 4404 In
955 4337 1068 4404 eadem
1083 4339 1219 4404 sumitur

228 4425 317 4492 Haec
332 4431 382 4492 est
397 4427 482 4492 dies:
902 4423 994 4488 Tube
1008 4421 1176 4504 Evangelii

229 4511 266 4575 In
295 4529 360 4592 qua
389 4511 536 4578 Christus
571 4509 721 4576 contrivit
753 4509 801 4572 in·
902 4505 1112 4572 Praedioandi
1126 4505 1260 4588 populo:

273 4595 369 4676 ieros,
902 4589 1302 4674 Estinhacprohibiturn,

227 4675 621 4746 Plasmesuumvexited
637 4691 779 4758 superos,
902 4673 950 4739 Ne
964 4673 1022 4740 fiat
1035 4674 1219 4754 pontificum

227 4761 478 4830 Haecestdies
901 4757 973 4824 Nisi
987 4759 1194 4824 consecratio.
