3218 5234
708 276 750 290 —
795 245 860 310 122·
897 277 940 294 ··-

177 424 203 475 7.
222 425 299 476 tuem
318 419 398 476 nobis
416 420 547 490 expleeut
565 421 634 491 uss,
651 423 726 480 rutie
743 423 777 478 A.
804 452 836 464 -
862 425 888 478 8.
907 437 970 494 exp.
989 423 1019 478 iu
1036 428 1066 478 ts
1084 421 1137 479 del.
1155 424 1190 479 A.
1225 453 1260 465 -
1296 426 1322 478 9.
1340 425 1398 480 Fue
1415 431 1483 482 tuos

176 507 237 560 sup.
256 532 263 545 .
282 490 372 560 effuge
391 491 540 550 daemonas
559 533 566 546 .
586 534 592 546 .
612 493 708 550 christ.
744 493 815 550 Oet
831 493 924 564 Alphe
943 493 1083 550 sanctifice
1100 493 1134 549 L
1171 512 1205 536 -‘-
1244 499 1286 551 10.
1311 495 1391 568 Eloy,
1409 497 1481 566 eloe,

177 563 268 632 elren,
286 577 347 688 eye,
365 563 471 646 sederi,
490 563 538 618 lux
556 579 666 636 emsyu,
683 580 734 622 rex
753 565 885 636 Sabaoth,
904 565 969 620 inei.
988 566 1098 635 edouey
1115 566 1150 621 A.
1169 595 1204 608 -
1224 570 1265 622 11.
1283 567 1399 624 Emer..
1415 583 1482 623 eon·

177 633 248 688 sul.
269 674 275 688 .
306 641 382 689 uturr
399 641 481 705 puter
499 650 570 691 ssee.
590 637 623 692 Δ.
645 666 676 676 -
699 641 740 692 14.
761 637 805 694 sit.
824 636 870 706 pio
889 636 967 691 vultu
987 679 992 690 .
1013 679 1019 690 .
1038 637 1192 694 Ierusalem
1209 639 1243 694 Δ.

176 791 200 860 b
219 721 445 864 colrwflsk'
481 721 601 782 Bartsch
619 721 647 778 S.
665 723 797 780 135100'11
814 727 858 778 11.
877 723 925 779 dee
943 721 1102 794 Biytlsmus
1119 739 1213 796 weyers
1230 726 1305 781 lesen
1331 741 1383 784 uos
1401 725 1482 786 selva

736 967 932 978 —n—-—=-—·=

582 1104 652 1166 144.
694 1098 747 1165 De
767 1105 880 1166 salusa
905 1097 1071 1164 Triultuw.

178 1233 206 1294 1.
231 1227 369 1308 Putrem,
383 1227 514 1310 Natum,
528 1227 741 1310 Paracletum,
904 1229 1042 1296 Prorsus
1056 1227 1152 1306 idem,
1169 1228 1313 1314 simplex,
1330 1249 1437 1314 unum,

230 1310 516 1395 Uneiuessentia‚
905 1312 1055 1380 Noutria
1070 1311 1241 1396 simplicis:

231 1397 333 1462 Deum
347 1403 654 1464 unumveretumeu
905 1395 1012 1462 Unum
1025 1415 1136 1463 verum
1148 1398 1349 1496 principium,

231 1480 308 1547 Tria
321 1479 510 1563 singularis:
904 1480 1279 1565 Nonmultuprmeipis:

230 1564 441 1647 Peresquee
455 1565 653 1646 singulorum
904 1562 995 1630 Unus
1010 1569 1131 1645 auctor,
1145 1565 1229 1632 idem
1244 1585 1317 1634 esse

230 1649 366 1732 Singula
380 1654 456 1715 suut
469 1649 614 1732 propriu:
904 1646 1276 1725 Quosolosuntomuis.

230 1733 284 1799 Sic
299 1734 435 1814 diversa,
450 1740 489 1800 ut
501 1751 561 1799 nee
574 1735 668 1816 plura
849 1739 877 1800 3.
904 1730 994 1809 Quae
1007 1739 1124 1814 creatu,
1139 1735 1249 1801 multis
1262 1735 1341 1802 loeis

230 1819 302 1885 Sint
316 1817 534 1885 convenientia
904 1817 987 1882 Sunt
1000 1817 1177 1899 variabilis,

229 1901 294 1967 Uni
307 1901 417 1967 Trium
430 1907 528 1984 etque
546 1898 661 1970 Tribus
811 1943 814 1951 -
903 1900 971 1966 Neu
985 1905 1062 1966 suut
1074 1901 1190 1983 ipsum,
1211 1903 1298 1984 qued
1313 1907 1389 1970 suut
1402 1923 1476 1972 vere

230 1985 347 2068 Aliqua
360 1987 553 2052 communie:
903 1985 1017 2050 Multis
1031 1985 1254 2052 subsistentis:

229 2069 295 2136 Sed
310 2069 436 2138 diverse
450 2071 490 2136 de
506 2069 642 2136 diversis
904 2068 1122 2152 Solinumque
1136 2069 1260 2136 suntid
1274 2072 1461 2155 quod'suut,

230 2153 313 2220 Sunt
325 2153 564 2238 praedicabilia.
902 2151 946 2218 Et
960 2169 1043 2218 uuus
1058 2153 1251 2236 substantia,

174 2233 204 2296 2·
229 2235 465 2304 Nouestenim
478 2235 713 2319 statueram,
902 2236 992 2302 Deus
1006 2235 1267 2319 Puter‚etexe0

229 2321 274 2388 Et
287 2323 328 2389 ab
344 2323 391 2387 eis
406 2321 470 2388 alis
902 2319 988 2386 Nutu
1002 2317 1178 2405 Sapientia,

228 2406 527 2488 Estquispirutsb
543 2411 680 2486 utroque
904 2405 1011 2488 Atque
1025 2403 1164 2487 Spiritus
1178 2405 1343 2473 amborum

230 2491 378 2558 Omnium
392 2489 576 2556 concordie:
903 2485 965 2565 Qui
980 2488 1122 2555 daturin
1137 2491 1260 2573 gratim

230 2575 312 2641 Sunt
325 2579 432 2642 temen
447 2575 588 2640 existens
602 2589 700 2637 unum
903 2571 1027 2650 Quibus
1044 2571 1098 2638 uni
1114 2591 1190 2640 vero
1207 2575 1276 2640 Deo

228 2659 356 2742 Absque
371 2657 560 2738 differentia,
902 2657 1014 2724 Houor
1028 2657 1072 2724 sit
1086 2663 1119 2723 et
1133 2657 1245 2740 gloria.
1275 2659 1386 2750 Amen.

244 2774 340 2830 Text.
376 2773 478 2830 Duuiel
496 2771 531 2842 V,
549 2775 610 2827 210.
630 2787 697 2827 uus:
714 2769 926 2840 Ecclesiologist
943 2771 1054 2828 xcvn.
1073 2775 1145 2844 Aug.
1163 2775 1240 2831 1853.
1259 2777 1357 2843 p.231.
1376 2787 1392 2827 e
1410 2772 1476 2830 Mis·

173 2847 226 2906 seli
243 2846 412 2904 Pietssieusi
429 2860 513 2902 muuu
532 2845 636 2916 scriptu
654 2858 726 2900 suec.
745 2841 810 2901 XIV
811 2882 828 2912 .,
847 2843 923 2914 quod
940 2849 1102 2902 asservetur
1120 2845 1242 2904 hisboue
1258 2848 1288 2903 iu
1302 2845 1476 2902 Bibliotheeu

173 2918 318 2978 lisciouul.

726 3073 924 3084 ——u—n—-n

587 3219 656 3284 145.
699 3213 752 3280 De
771 3218 885 3281 saneta
909 3211 1075 3280 limitare.

175 3361 202 3422 1.
227 3349 401 3418 lubilemus
416 3349 522 3418 cordis
537 3367 614 3418 vute
848 3352 877 3414 5.
904 3347 966 3426 Qui
981 3348 1107 3416 ornavit
1121 3353 1228 3413 serem

227 3435 344 3502 Nostro
359 3435 503 3516 salutm,
902 3433 1077 3502 Volucrum
1091 3433 1244 3513 eutervis3

227 3518 402 3587 Iubilemus
416 3523 449 3586 et
462 3519 637 3602 psallemus
902 3516 965 3594 Qui
979 3517 1109 3584 vestivit
1123 3516 1247 3583 aridem

227 3602 320 3670 Nuus
333 3603 552 3687 omnipotenti.
901 3601 1085 3667 Frondibus
1100 3607 1132 3666 et
1146 3600 1264 3668 herbis.

172 3689 201 3749 2.
225 3687 368 3753 Resonet
382 3687 507 3754 lactura
521 3705 580 3753 eus
846 3687 875 3747 6.
902 3685 964 3764 Qui
979 3683 1094 3751 ditavit
1107 3683 1273 3752 Thetidem

227 3769 576 3852 Queutevuletluude,
900 3768 1048 3835 Piscibus
1062 3769 1210 3850 murinis3

226 3855 369 3922 Resonet
382 3855 519 3922 iocunda
533 3871 592 3921 suo
900 3850 1195 3936 Locupletemfeeit
1211 3857 1331 3918 terram

241 3937 396 4021 Laudem)
412 3941 559 4006 creatori.
900 3935 1031 4016 Quaem
1055 3935 1150 4002 edum
1163 3935 1284 4002 formis.

171 4021 200 4086 3.
256 4023 544 4090 uieresvitomuis
844 4019 874 4082 7.
901 4019 964 4099 Qui
979 4019 1019 4087 de
1043 4019 1108 4087 uuit
1122 4039 1218 4104 super
1232 4027 1352 4087 terrum

227 4105 506 4189 OuetemeProle;
899 4103 1215 4187 Rivulesaquurum

227 4189 289 4268 Qui
303 4190 379 4256 feeit
393 4196 426 4256 et
441 4191 547 4257 omnis
900 4188 962 4268 Qui
977 4188 1152 4271 suspendet
1166 4189 1278 4256 subter
1292 4193 1380 4256 astra

226 4273 349 4357 Spiritu
363 4274 513 4341 dietuute.
899 4273 1034 4339 Nimbus
1049 4273 1237 4356 pluviarum.

170 4359 200 4420 4·
227 4357 289 4438 Qui
302 4359 438 4424 munivit
451 4355 636 4440 paradisum
755 4433 757 4437 ,
844 4355 874 4416 8·
899 4354 1285 4432 Quiveruslileeitflstu

225 4441 541 4523 Lucidisministris3
899 4439 1187 4522 Floresredimiri3

226 4527 288 4608 Qui
303 4526 446 4610 depinxit
463 4525 698 4594 firmamentum
899 4525 1292 4594 Autumuslisoleeoctes

224 4611 311 4695 Sole,
325 4610 410 4695 luus,
426 4611 537 4679 stellis.
898 4609 1037 4678 sructus
1052 4609 1198 4678 colorari.
