3266 5222
706 236 935 310 Ι--118-

197 433 226 496 8.
247 423 273 491 O
288 423 343 506 pia
357 423 463 510 gratia
477 423 523 490 sio
537 423 710 508 morientis,

853 434 900 498 13.
919 423 1003 503 Quid
1017 429 1128 510 stupes
1145 441 1223 508 gens
1238 425 1354 492 misera

247 510 384 586 Ozelus,
400 527 418 574 o
434 509 536 576 scelus
550 510 677 576 invidae
688 513 802 594 gentis
919 511 1051 577 Terram
1068 527 1253 590 semovere,

245 594 272 658 0
287 593 354 659 iera
370 591 501 659 dextera
516 595 740 678 crucifigentis,

247 677 366 742 Olenia
377 679 410 742 in
419 678 529 760 poenis
540 697 627 744 mens
637 681 803 763 patientis!

197 766 226 826 9.
247 762 399 827 Ovorum
414 762 573 842 eloquium

246 845 329 912 Iusti
348 847 521 928 symeonis,

245 928 345 1007 Quem
361 931 508 1013 promisit
520 931 663 1011 gladium
745 931 750 942 '

246 1013 356 1079 Sentio
376 1015 505 1092 doloris,

246 1099 402 1178 Gemitus,
418 1099 557 1181 suspiria

245 1184 503 1264 Lachrymaeque
517 1183 606 1262 ioris,

246 1267 395 1332 Vulneris
410 1267 527 1334 indicia

247 1351 329 1416 Sunt
342 1351 512 1417 interioris.

180 1439 227 1498 10.
247 1435 373 1500 Parcite
388 1435 479 1517 proli,

246 1521 334 1584 Mors
348 1519 425 1584 mihi
441 1518 504 1584 noli

247 1604 336 1668 Tunc
350 1603 428 1668 mibi
446 1603 504 1668 soli

247 1687 323 1752 Sola
337 1686 490 1752 mederis:

247 1771 352 1836 Morte
365 1771 459 1836 beate

246 1855 384 1937 Separor
397 1874 417 1920 a
431 1859 464 1920 te

245 1941 330 2004 Dum
345 1939 440 2004 modo
454 1943 529 2004 nate

246 2024 319 2090 Non
333 2022 491 2089 crucieris.

179 2103 227 2172 ll.
247 2107 339 2184 Quod
354 2108 472 2172 crimen
486 2124 568 2189 quae
583 2109 707 2176 scelera

247 2192 333 2258 Gens
349 2190 506 2256 commisit
520 2187 633 2256 effera:

246 2275 359 2340 Vincla
373 2275 479 2355 uirgas
494 2274 626 2340 vulnera

247 2358 350 2440 sputa
364 2359 473 2438 spinae
488 2363 596 2423 cetera

246 2442 321 2508 Sine
335 2443 428 2523 eulpa
442 2443 582 2524 patitur:

245 2527 331 2592 Nato
346 2543 465 2608 quaeso
480 2525 613 2609 percite,

246 2611 384 2678 Matrem
399 2609 583 2692 crucifigite,

244 2697 311 2762 Aut
324 2696 357 2761 in
371 2694 474 2760 crucis
493 2695 604 2777 stipite

247 2779 314 2845 Nos
330 2779 424 2846 simul
438 2778 568 2860 affigite,

244 2863 332 2929 Male
347 2863 434 2929 solus
448 2862 592 2927 moritur.

178 2947 225 3009 12.
245 2945 383 3012 Reddite
397 2945 628 3012 moestissimae

245 3031 369 3111 Corpus
382 3029 433 3094 vel
449 3031 601 3111 exanime,

245 3113 292 3180 Ut
307 3114 352 3178 sic
366 3114 543 3179 minoratus

245 3197 377 3264 Grescet
392 3199 550 3262 cruciatus

246 3281 371 3347 Osculis
390 3281 602 3363 amplexibus:

245 3363 377 3430 Utinam
392 3365 438 3428 sic
455 3363 589 3443 doleam,

246 3447 293 3512 Ut
307 3448 415 3513 dolore
429 3465 567 3530 peream,

245 3531 328 3596 Nam
343 3530 413 3614 plus
430 3535 481 3595 est
495 3532 595 3597 dolori

248 3615 322 3681 Sine
336 3621 439 3680 morte
454 3615 543 3694 mori,

246 3698 347 3776 Quam
362 3699 467 3781 perire
482 3699 584 3764 eitius.

246 3806 340 3863 Text.
377 3807 458 3862 11111.
476 3807 554 3862 fratr.
573 3807 661 3862 Paris.
682 3809 759 3862 1110.

920 595 1093 662 Obscurari
1108 594 1224 675 sidera,

918 679 1101 761 Languidus
1116 679 1250 760 lugere?

853 795 900 854 14.
920 787 1026 854 Solem
1041 788 1149 870 privas
1164 786 1292 868 lumine,

920 871 1084 949 Quomodo
1100 871 1242 936 luceret?

919 959 1059 1037 Aegrum
1074 955 1290 1034 medicamine,

918 1040 1012 1106 Unde
1028 1037 1232 1105 convaleret?

853 1157 900 1216 15.
920 1149 1119 1216 Hornicidam
1133 1148 1261 1224 liberas,

918 1235 1025 1299 Iesum
1041 1234 1098 1298 das
1114 1231 1279 1314 supplicio,

920 1317 1004 1382 Male
1020 1335 1130 1398 pacem
1145 1315 1277 1390 toleras,

920 1401 1033 1466 Veniet
1051 1401 1175 1466 seditio.

853 1517 900 1578 16.
920 1512 1027 1576 Famis
1041 1509 1147 1576 caedis
1162 1509 1300 1592 pestium

921 1595 1008 1662 Scies
1024 1594 1119 1659 docta
1134 1594 1284 1674 pondere,

920 1680 1028 1746 lesum
1042 1679 1103 1744 tibi
1118 1683 1277 1743 mortuum

919 1764 1160 1844 Barrabamque
1175 1762 1291 1828 vivere.

853 1880 902 1942 17.
921 1873 1007 1938 Gens
1022 1889 1125 1950 caeca,
1142 1889 1220 1952 gens
1234 1867 1359 1948 flebilis,

921 1959 990 2036 Age
1006 1955 1244 2039 poenitentiam,

920 2042 1003 2106 Dum
1019 2041 1078 2106 tibi
1093 2039 1240 2104 flexibilis

919 2127 1008 2192 Iesus
1024 2129 1073 2190 111
1088 2124 1128 2188 11
1143 2121 1278 2188 veniam.

853 2240 900 2300 18.
920 2233 1006 2310 Quos
1021 2232 1126 2298 iecisti
1140 2230 1276 2296 lentium

919 2317 991 2384 Tibi
1005 2322 1141 2398 prosunt
1154 2315 1295 2396 flumina,

919 2403 1012 2468 Sitim
1028 2403 1142 2467 sedant
1156 2399 1305 2478 omnium,

920 2485 1041 2552 Cuncta
1055 2486 1165 2552 lavant
1178 2483 1319 2550 crimina.

853 2599 900 2660 19.
919 2595 1008 2660 Flete
1023 2593 1108 2676 Syon
1122 2592 1208 2658 filiae

919 2679 1042 2745 Tantae
1057 2683 1168 2760 gratae
1185 2676 1308 2758 gratiae

918 2761 1046 2828 Iuvenis
1062 2763 1228 2844 angustiae

919 2848 1001 2914 Sunt
1015 2846 1074 2912 tibi
1090 2845 1222 2910 deliciae

918 2931 981 2996 Pro
994 2931 1111 2995 vestris
1125 2927 1269 2995 offensis:

917 3015 955 3080 In
970 3015 1135 3096 amplexus
1150 3014 1243 3089 ruite,

917 3100 1001 3164 Dum
1016 3097 1136 3178 pendet
1149 3098 1182 3162 in
1196 3096 1306 3178 stipite

917 3183 1040 3250 Mutuie
1056 3181 1262 3263 amplexibus,

917 3265 959 3332 Se
974 3271 1068 3347 parat
1082 3263 1263 3330 amantibus

916 3349 1063 3416 Brachiis
1078 3349 1247 3431 protensis.

848 3458 898 3518 20.
917 3451 955 3516 In
970 3449 1029 3515 hoe
1043 3450 1110 3514 solo
1125 3447 1258 3528 gaudeo,

917 3534 978 3609 Qui
994 3551 1051 3615 pro
1066 3532 1155 3597 vobis
1174 3531 1274 3609 doleo,

918 3617 1028 3682 Vicem
1044 3633 1163 3698 quaeso
1177 3614 1303 3680 reddite

917 3699 1031 3768 Matris
1046 3699 1196 3765 damnum
1209 3697 1360 3780 plangite.

407 4063 479 4127 227.
519 4059 572 4128 De
592 4063 796 4132 tribulatione
817 4063 925 4131 beatae
947 4061 1079 4130 Mariae
1099 4061 1243 4144 virginis.

179 4205 206 4266 1.
232 4194 343 4275 Surgit
357 4193 505 4261 Christus
520 4213 589 4262 cunr
605 4200 769 4282 trophaeo,
850 4205 878 4265 2.
905 4197 967 4264 Hic
982 4203 1032 4263 est
1046 4215 1158 4278 agnus,
1174 4195 1229 4277 qui
1244 4194 1414 4276 pendebat,

231 4279 301 4344 Iam
315 4295 353 4342 ex
368 4297 453 4359 agno
467 4277 571 4345 iactus
585 4282 634 4354 leo

232 4361 361 4430 Solenni
377 4363 526 4428 victoria:

233 4446 370 4512 Mortem
385 4445 462 4512 vicit
476 4465 534 4512 sua
546 4453 648 4514 morte

231 4530 398 4596 Reserarit
412 4547 500 4596 seras
515 4537 626 4611 portae

232 4613 315 4682 Suae
330 4615 443 4682 mortis
456 4613 567 4697 gloria.

905 4282 949 4348 Et
963 4283 996 4347 in
1011 4298 1104 4346 cruce
1118 4279 1298 4345 redimebat

903 4365 1018 4431 Totum
1033 4381 1163 4444 gregem
1178 4363 1299 4428 ovium:

904 4449 963 4514 Oui
977 4465 1047 4513 cum
1063 4447 1168 4511 nullus
1183 4445 1382 4526 condolebat,

904 4531 1125 4614 Magdalenam
1140 4531 1350 4596 consumebat

903 4615 1032 4681 Doloris
1045 4615 1234 4682 incendium.
