3240 5224
676 291 907 356 -313-

142 474 172 534 2.
199 469 305 537 Vitem
321 471 456 554 perdens
472 471 671 536 conseruerit
813 477 843 536 4.
870 472 989 538 Mundo
1004 491 1131 538 carnem
1146 473 1239 554 liquit
1253 471 1374 553 foenus,

197 555 235 620 Iu
250 555 310 622 hoc
325 555 453 634 mundo,
468 571 526 620 nee
540 557 689 635 servavit,
869 555 1057 622 Sanctitotis
1073 575 1168 622 sensu
1185 558 1308 640 plenus,

199 638 247 703 Ne
262 644 423 704 servotum
438 639 603 720 perderet:
869 641 935 706 Nee
950 641 1043 706 huius
1062 660 1119 722 spe
1135 641 1289 706 trahitur:

198 723 357 788 Vitiorum
371 723 586 804 triumphator
869 724 952 789 Hine
966 725 1156 806 linquuntur
1172 725 1332 805 univorsa,

198 805 312 872 Mortis
325 805 430 872 faetus
445 813 493 872 est
509 813 642 884 ametor,
870 807 923 872 Nil
938 826 1085 890 possesso
1103 807 1146 874 nil
1162 809 1291 874 deterso

199 888 245 955 Ut
258 910 317 973 per
331 896 466 956 mortem
482 891 633 956 uinceret.
871 890 893 956 S
919 910 935 956 e
950 891 1077 957 fruendi
1094 893 1221 956 vivitur.

142 973 172 1032 3.
198 973 336 1040 Calicem
351 976 501 1040 tormenti
518 975 640 1052 bibens,
815 975 843 1033 5.
870 910 995 1058 nliuyr
1010 993 1068 1058 pro
1084 994 1147 1057 quo
1163 975 1343 1054 decertasti,

198 1056 298 1134 Quem
314 1059 482 1132 damnasti,
507 1057 642 1135 Christe,
663 1057 766 1122 libens
870 1059 912 1122 Et
927 1077 988 1140 quo
1005 1059 1084 1124 duee
1100 1060 1315 1142 triumphasti,

199 1141 259 1207 Per
274 1147 307 1206 te
321 1143 419 1208 vitain
434 1141 590 1208 reddidit:
869 1141 969 1207 Nobis
985 1143 1077 1226 pleou
1092 1143 1255 1226 precibus:

198 1225 300 1290 Corde
317 1225 375 1291 tibi
390 1227 570 1308 mancipato
871 1225 916 1288 Ut
931 1234 1116 1293 transcurso
1132 1229 1216 1292 ritae
1232 1229 1312 1292 muri

198 1309 583 1392 Corporequesubiugoto
869 1310 1051 1376 Mereamur
1066 1311 1216 1376 collocari

198 1394 306 1459 Vitem
321 1393 550 1476 superaddidit.
870 1393 975 1460 Sacris
991 1395 1070 1460 coeli
1088 1397 1227 1460 sedibus.

144 1500 438 1628 1854Teertl.62Dttniel
467 1502 500 1566 V,
520 1504 581 1557 338.
610 1501 720 1558 omiss.
740 1499 908 1570 Upssliensi.
938 1505 1039 1573 (1513),
1068 1503 1280 1572 Ecclesiologist
1307 1503 1365 1558 Cll.
1383 1503 1440 1556 lun.

215 1591 267 1643 .p.
341 1615 346 1627 .
918 1605 923 1615 ·

583 1819 654 1880 440.
698 1813 751 1878 De
772 1834 835 1878 uno
857 1819 1006 1896 mortpre.

144 1951 172 2014 1.
198 1945 315 2012 Mentis
330 1947 401 2028 piae
813 1950 841 2010 3.
867 1946 905 2012 lu
922 1945 1089 2012 tormentis

196 2029 352 2113 Propulso
368 2030 477 2097 nubilo
869 2029 983 2096 Puneti
998 2029 1178 2109 crudeliter,

197 2113 370 2179 Armeniae
868 2113 1098 2179 Blandimeutis

199 2197 312 2263 Cordis
326 2199 359 2263 iu
373 2197 472 2264 iubilo
871 2196 967 2262 Uncti
982 2215 1064 2262 nune
1084 2197 1199 2262 leniter

198 2282 461 2365 Prorumpamur,
870 2281 1019 2347 Gaudent
1033 2282 1104 2359 rite,

198 2365 405 2454 Hierarelrioe
870 2366 951 2431 Nam
968 2365 1076 2432 dilecti

197 2449 355 2522 Nimirum
371 2451 489 2532 gaudia
871 2450 969 2530 Regis
984 2449 1103 2531 pelolio

197 2534 339 2615 Agouiee
870 2532 953 2598 Sunt
968 2532 1105 2614 protecti

198 2617 377 2700 Martyrum
392 2617 495 2698 gloria
871 2617 985 2700 Spreto
1002 2615 1116 2680 solatio

198 2700 418 2767 Cumuluntur.
870 2701 1091 2766 Brevisvitee.

141 2783 171 2844 2.
197 2785 380 2852 Rubrioutis
815 2783 845 2844 4.
871 2785 930 2850 His
947 2783 1095 2863 coniungi

199 2869 305 2935 Armis
320 2870 478 2953 conspicui
871 2867 1158 2950 Martyregregius

200 2953 365 3036 Superatis
871 2953 951 3018 Vult
965 2957 998 3016 et
1011 2953 1120 3032 pungi,

198 3037 355 3103 Hostibus
370 3037 492 3102 strenui
871 3037 998 3117 Regnet
1012 3041 1049 3099 ut
1063 3033 1167 3100 socius

198 3121 377 3186 Bellatores
791 3189 793 3202 ³
871 3118 967 3184 Teste
980 3137 1067 3196 neue,

199 3203 254 3270 Sui
270 3223 382 3271 cursus
791 3218 793 3236 ¹
870 3203 940 3269 Hae
954 3203 987 3268 in
1003 3203 1054 3267 die

200 3289 349 3356 Gaudent
362 3289 505 3368 victoria,
870 3287 971 3353 Nobis
986 3285 1147 3368 propicius

198 3371 261 3438 Sed
275 3373 349 3454 plus
365 3390 476 3438 rursus
872 3369 922 3436 Sit
937 3370 1059 3435 Mariae

200 3455 279 3522 Cum
293 3458 356 3522 iam
372 3458 405 3522 iu
423 3455 528 3538 glorio
791 3476 794 3532 l
871 3455 1015 3520 Dilectus
1029 3451 1113 3517 lilius

199 3539 280 3606 Sunt
294 3541 442 3606 victores.
791 3533 794 3589 l
873 3539 939 3605 Sua
953 3555 1054 3622 prece.
1088 3537 1199 3601 Amen.

212 3647 307 3706 Text.
342 3649 422 3706 Mire.
441 3647 521 3704 frutr.
539 3648 628 3706 Puris.
650 3649 726 3704 1520.

692 3825 889 3832 ——----—----

581 3943 652 4004 441.
696 3936 749 4004 De
769 3958 833 4004 uuo
854 3941 1003 4018 martyre.

143 4077 170 4136 1.
198 4071 265 4136 Ave
280 4071 370 4137 miles
385 4072 502 4154 regiae,
814 4079 841 4140 3.
868 4069 962 4135 Miles
977 4065 1195 4146 excellentiae,

197 4153 337 4220 Militum
374 4156 555 4236 remidium,
870 4151 996 4234 Clipeus
1012 4151 1175 4228 eeclesiae,

198 4235 337 4306 Consors
351 4176 457 4306 fectus
472 4239 594 4320 gloriae
827 4295 832 4303 .
869 4235 1063 4333 Prudentiae
1078 4235 1251 4332 speculum,

197 4319 293 4388 Coelo
307 4323 524 4390 militantium.
869 4321 954 4386 Fons
970 4319 1282 4400 omnrselementrue‚

141 4409 171 4472 2.
197 4403 246 4471 Tu
259 4413 390 4474 nostrae
404 4407 537 4474 militiae
868 4405 985 4470 Lilium
1001 4403 1189 4482 munditiae,

197 4488 298 4558 Tutor
313 4497 347 4558 et
360 4491 527 4574 refugium,
869 4487 1247 4556 Sanctitutisvasculum.

196 4573 362 4643 Praesenti
376 4574 515 4642 familiae

197 4657 248 4728 Sis
261 4661 295 4728 in
310 4659 515 4728 adiutorium.
