3218 5234
682 328 910 412 ..133-

151 514 180 574 6.
205 507 250 574 Su
273 525 309 574 er
322 510 447 572 turmas
461 507 643 590 suiprimaa
790 537 792 542 v
820 515 850 577 8.
876 509 967 576 Licet
980 507 1022 576 ad
1036 525 1094 576 noa
1109 508 1171 574 huc
1184 507 1364 588 mittantur,

205 525 658 688 Orginiseatduretprimae
878 592 1009 675 Semper
1022 591 1126 658 Deum
1140 589 1395 674 contemplantur

204 675 424 758 Archangelue
438 675 593 742 bhchael:
876 676 1020 760 Spiritali
1039 675 1147 742 oculo:

204 759 337 826 Gabriel
350 765 417 826 etat
431 758 495 824 dux
509 758 646 843 virtutis,
875 761 995 828 Vident
1008 760 1122 841 Deum,
1136 760 1215 844 quid
1231 759 1334 826 acturi

203 843 340 910 Nostrae
353 841 481 910 baiulus
499 843 624 926 salutis,
871 843 914 910 Et
928 845 1005 926 quid
1020 845 1111 912 nobis
1125 845 1190 910 sint
1204 843 1321 910 dicturi

203 927 371 1008 Medicina,
386 925 541 1008 Raphael.
875 929 1193 1012 Aeternalispeoulo.

149 1019 178 1078 7.
204 1009 519 1092 Angelicacreatura
820 1016 850 1077 9.
875 1011 1008 1078 Hisunt
1022 1012 1197 1094 nonaginta
1210 1031 1332 1092 novem,

203 1093 565 1160 Immutatatenetiura
876 1093 938 1172 Qui
953 1101 1116 1162 centenam
1131 1094 1253 1162 ducunt
1267 1115 1358 1164 ovem

203 1177 270 1246 Sub
285 1177 392 1244 divino
405 1195 553 1242 munere:
876 1177 927 1244 Ad
940 1185 1035 1263 prata
1051 1179 1205 1246 virentia:

203 1263 247 1330 Et
261 1279 331 1328 oum
347 1279 469 1328 summo
484 1261 571 1342 Rege
585 1279 661 1326 cura
874 1257 941 1328 Ubi
956 1263 1050 1330 flores
1064 1271 1200 1330 remant
1214 1263 1309 1345 grati,

206 1347 327 1412 Cuncta
342 1351 453 1412 tenens
467 1345 500 1410 in
514 1362 673 1427 mensura,
875 1344 940 1413 Ubi
955 1366 1097 1414 summae
1110 1347 1260 1414 Trinitati

203 1431 344 1496 Numero
357 1433 391 1494 et
404 1429 554 1512 pondere.
874 1430 979 1497 Datur
992 1431 1062 1498 laus
1077 1439 1110 1500 et
1123 1432 1236 1514 glorio.

219 1537 312 1594 Text.
349 1538 451 1594 Daniel
469 1537 503 1606 V,
522 1540 583 1592 311.
602 1552 637 1592 ox
654 1535 733 1594 mss.
752 1537 918 1596 Pictavienai
936 1541 1011 1595 circa
1034 1555 1106 1598 aaec.
1125 1540 1200 1596 xlv.
1225 1546 1348 1606 exarato,
1375 1537 1449 1608 quod

148 1617 310 1669 asservatur
327 1610 357 1665 in
376 1609 550 1666 Bibliotheca
567 1608 632 1664 Nat.
650 1607 797 1666 Liabonae.
815 1610 1027 1682 Eccleeiologiat
1044 1610 1153 1668 xovn.
1174 1614 1250 1667 1863.
1269 1629 1295 1682 p.
1314 1613 1376 1666 251.

249 1879 318 1942 111.
362 1870 405 1936 Ia
419 1871 622 1953 apparitione
635 1890 661 1935 a.
679 1869 851 1938 llsaoboclic
871 1871 914 1936 od
926 1871 1074 1937 bonorem
1087 1891 1130 1939 as.
1146 1871 1338 1954 angelorum.

149 2017 177 2078 1.
202 2007 396 2088 Angelorum
409 2004 606 2071 hierarchiae
820 2010 850 2071 3.
876 2004 1077 2089 Principatus
1091 2005 1284 2088 Archangeli

204 2089 283 2156 Tres
297 2091 453 2156 assistunt
466 2089 669 2155 monarchiae
875 2089 986 2154 Nostri
1001 2091 1149 2158 custodes
1163 2091 1278 2172 Angeli

204 2174 334 2240 Summo
350 2191 421 2239 cum
436 2173 591 2254 tripudio:
876 2173 959 2239 Sunt
971 2175 1006 2238 in
1020 2174 1123 2255 gradu
1136 2176 1250 2240 tertio:

203 2257 320 2324 Sacrae
335 2256 462 2324 laudem
476 2257 634 2323 melodiae
874 2257 1074 2339 Lausdigna
1091 2259 1306 2339 sitMichaeli‚

203 2341 464 2408 Continuutcum
480 2341 642 2406 armoniae
876 2339 978 2416 Quem
992 2341 1151 2409 honorant
1165 2343 1248 2410 cives
1264 2343 1342 2410 coeli

201 2425 338 2491 Perenni
353 2424 477 2490 solatio.
875 2423 1037 2490 Victorem
1052 2425 1085 2492 in
1099 2427 1230 2507 proelio.

147 2516 177 2576 2.
202 2509 359 2592 Seraphin
375 2507 535 2573 Cherubin
550 2507 669 2572 Throui
820 2515 849 2574 4.
876 2507 1133 2592 Paranymphum
1148 2510 1262 2577 Matris
1278 2511 1337 2576 Dei

204 2593 325 2660 Summi
340 2591 549 2678 perfruuntur
563 2591 639 2657 boni
842 2599 846 2608 '
875 2591 1098 2675 Medicumque
1115 2595 1218 2660 bonae
1233 2595 1300 2678 spei

201 2677 326 2745 influxu
341 2675 506 2760 primario:
876 2675 1277 2746 Collaudethaeoooncio:

201 2764 333 2830 Iunctae
349 2759 558 2827 dominationi
725 2803 731 2808 -
840 2815 843 2822 .
876 2759 1018 2838 Quorum
1032 2762 1166 2830 obtentu
1179 2782 1237 2830 noa
1252 2763 1298 2829 rei

202 2847 314 2914 Virtus
329 2851 362 2911 et
375 2849 520 2928 potestas
535 2843 610 2926 poni
875 2844 1155 2914 Felioielucediei

203 2929 353 2999 Gaudent
367 2928 565 2994 secundario.
876 2929 1035 2996 Fruamur
1049 2931 1082 2997 in
1097 2931 1223 3014 gaudio.
1255 2931 1364 2997 Amen.

219 3035 990 3096 mmmmw ·

453 3313 533 3375 172..
567 3307 620 3375 De
640 3313 747 3376 condo
768 3308 927 3377 Michaele
948 3307 1146 3390 archangelo.

171 3450 198 3510 1.
221 3441 341 3510 Summi
355 3441 441 3525 regia
455 3441 646 3524 archangele
661 3441 797 3509 Michael

169 3534 197 3594 2.
220 3527 364 3608 Intende,
379 3544 584 3608 quaesumus,
599 3527 717 3596 nostrie
731 3527 886 3610 precibus.

168 3618 196 3678 3.
219 3610 265 3677 Te
279 3628 415 3692 namque
430 3609 616 3694 profitemur
631 3629 701 3678 esee
715 3629 924 3695 supernorum
939 3612 1055 3677 civium
1070 3610 1254 3694 prinoipem.

166 3703 195 3763 4.
218 3694 263 3761 Te
277 3696 380 3761 Deum
396 3695 505 3776 generi
518 3695 656 3761 humano
672 3703 784 3762 orante
798 3696 981 3778 diriguntur
995 3695 1111 3778 angeli,

168 3787 198 3848 5.
220 3781 269 3846 Ne
283 3779 412 3848 laedere
427 3779 555 3861 inimici,
572 3785 726 3861 quantum
741 3780 882 3863 cupiunt,
897 3780 1018 3846 versuti
1033 3779 1135 3848 deseos
1146 3795 1286 3862 unquam
1294 3774 1447 3842 mortales

167 3953 196 4014 6.
218 3861 582 4045 Ιᾱοιιξῐῑῖῗιέἒῗέτῗ111ἰ
599 3945 777 4030 potentiam
798 3947 951 4028 paradisi,
972 3966 1098 4031 semper
1118 3952 1152 4014 te
1175 3946 1277 4015 sancti
1291 3945 1448 4012 honorant

167 4121 195 4179 7.
218 4114 256 4180 In
269 4031 441 4198 teffigffiltu
455 4113 515 4180 Dei
530 4090 727 4180 thuribulum
743 4133 876 4182 aureum
890 4116 978 4182 risus
992 4133 1027 4184 es
1042 4115 1194 4182 habuisse
1208 4113 1364 4192 manibus,

166 4204 195 4264 8.
219 4198 299 4265 Inde
313 4201 467 4265 scandens
480 4217 579 4281 vapor
593 4204 735 4266 aromate
749 4199 888 4282 plurimo
903 4200 1050 4283 pervenit
1064 4205 1138 4266 aute
1159 4201 1363 4280 conspectum
1379 4194 1447 4260 Dei.

166 4287 196 4349 9.
218 4281 266 4348 Tu
286 4283 447 4348 crudelem
468 4299 565 4364 quum
584 4282 753 4352 draconem
771 4283 847 4352 forti
877 4303 972 4350 manu
999 4287 1168 4362 amaveras,
1192 4279 1337 4346 faucibus
1361 4279 1448 4344 illius

294 4367 418 4432 animoa
434 4365 546 4432 eruisti
560 4367 723 4448 plurimae.

147 4455 195 4516 10.
217 4449 301 4518 Hinc
314 4452 486 4548 maximum
500 4451 657 4547 agebatur
670 4451 704 4517 in
718 4451 806 4518 coelo
823 4452 994 4534 silentium,
1009 4451 1111 4517 millia
1123 4449 1256 4516 millium
1272 4452 1305 4514 et
1323 4447 1445 4513 dicunt:

147 4623 194 4684 11.
217 4535 383 4686 Audifflirlclrlas
397 4533 680 4702 rldregclhggfflffigele
694 4636 825 4702 summe,
850 4619 913 4686 huc
926 4637 1041 4702 parum
1056 4615 1211 4684 descende
1226 4616 1267 4682 de
1282 4613 1346 4700 poli
1360 4589 1447 4696 aede,

294 4705 387 4774 nobie
401 4703 533 4773 terendo
549 4721 644 4788 opem
656 4704 777 4773 domini
789 4705 935 4774 levamen
949 4708 1049 4787 atquc
1062 4701 1291 4788 indulgentiae.
