3210 5230
746 207 976 272 -576-

529 391 601 454 859.
645 386 687 454 Ira
708 388 759 454 dic
780 409 805 454 s.
828 387 1039 472 Rodcpurrdis
1059 388 1195 472 rapinae.

210 503 340 574 (Tocbtcr
358 504 406 560 der
425 502 553 574 Herrops
571 501 684 560 Bartae·
706 521 760 560 oon
779 505 949 576 starium,
978 503 1128 562 Gaaablirr
1154 507 1201 561 dea
1228 505 1340 577 Konta
1367 505 1471 564 moror
1491 507 1516 562 1.

415 575 629 644 condolerent,
647 581 715 647 pest.
734 578 778 632 13.
797 577 870 647 Aup.
889 579 951 645 587,
970 578 1079 634 caetra
1096 595 1143 632 aar
1161 581 1203 632 13.
1222 578 1309 648 App.)

235 705 261 764 l.
295 697 420 766 Laudat
434 697 529 763 lauda
544 699 686 778 speciosa
701 699 754 778 qui
771 697 878 764 divina
893 699 998 780 gratia

294 782 464 846 Liberatus
479 797 499 845 a
513 785 605 846 reatu
625 781 729 846 tendit
743 781 785 847 ad
800 783 960 848 coelestia.

232 873 260 931 2.
295 865 343 930 Ad
359 882 440 946 quae
456 872 543 930 certo
559 882 614 946 spe
629 865 824 932 contendeus
839 865 974 949 despicit
991 867 1168 948 terrestria,

294 949 383 1026 Quae
398 951 457 1014 sub
473 949 540 1014 solo
551 949 703 1014 vanitatis
718 951 843 1016 vanitas
858 958 933 1016 sunt
947 951 1069 1015 omnia:

232 1037 260 1097 3.
296 1033 397 1096 Decor
412 1032 526 1110 laudis,
542 1033 627 1097 vitae
641 1035 765 1112 modus,
781 1034 861 1116 legis
875 1034 1088 1110 observantia,

294 1115 383 1193 Quae
399 1117 552 1180 virtutum
573 1115 770 1182 diversarum
785 1118 822 1184 fit
836 1116 1061 1184 munificentia.

231 1203 261 1265 l.
297 1203 375 1265 Nam
391 1200 432 1264 ad
447 1199 506 1263 boc
521 1199 698 1280 opitulator
713 1201 843 1282 elegans
859 1201 1038 1284 prudentia,

293 1283 336 1348 Et
352 1283 539 1366 dispensans
553 1283 748 1365 agendorum
763 1303 875 1351 causas
889 1285 1109 1368 temperantia,

232 1373 260 1432 b.
295 1367 463 1433 Fortitudo
478 1367 646 1432 resistendi
661 1375 773 1434 contra
786 1387 932 1451 quaeque
945 1369 1033 1446 vitia

295 1452 338 1516 Et
353 1469 434 1533 quae
450 1469 508 1514 sua
522 1457 597 1516 sunt
611 1453 764 1518 reddendi
780 1455 914 1534 singulis
927 1453 1061 1519 iustitia.

140 1563 145 1570 ·
234 1537 261 1602 6.
295 1535 405 1601 Omnis
420 1539 510 1600 aetas
525 1541 558 1600 et
573 1542 709 1619 uterque
723 1555 818 1604 sexus
833 1537 987 1603 salutaria

296 1619 364 1684 Deo
381 1620 542 1702 speciosae
557 1617 661 1686 laudis
677 1619 771 1686 offert
786 1619 950 1687 sacrificia.

233 1707 262 1766 7.
295 1704 394 1769 Nemo
410 1721 540 1786 prorsus
557 1709 608 1768 est
622 1709 772 1786 expertus
787 1704 828 1772 ab
840 1705 899 1771 hac
912 1705 1016 1770 laudis
1031 1704 1147 1782 hostia,

296 1786 357 1866 Qui
372 1787 421 1852 vel
436 1791 542 1852 mente
556 1787 620 1868 legi
636 1787 695 1853 Dei
710 1790 809 1855 servit
823 1807 893 1855 cum
908 1787 1034 1854 fiducia.

233 1875 263 1934 8.
297 1869 348 1936 Sic
364 1871 459 1936 beata
473 1870 691 1952 Radegundis,
707 1874 797 1958 cujus
812 1873 891 1938 baec
906 1873 1060 1939 solemnia

296 1955 512 2032 celebramus,
529 1955 638 2020 mundi
653 1955 772 2022 fastum
784 1957 917 2038 eiusque
933 1956 1081 2038 contagia

233 2041 262 2102 9.
296 2038 483 2116 Declinavit,
500 2043 533 2103 et
548 2041 722 2121 probrosae
737 2041 823 2106 vitae
837 2041 1003 2122 lenocinia,

297 2122 431 2188 Carnem
448 2139 538 2186 suam
554 2122 742 2205 crucifigens
757 2141 826 2189 cum
847 2123 1109 2207 eoncupiscentia.

215 2209 262 2268 10.
296 2205 333 2270 Iu
348 2206 409 2270 bac
423 2205 506 2270 valle
520 2206 733 2287 lacrymarum
748 2213 862 2274 cuncta
877 2209 1077 2274 transeuntia

296 2291 507 2354 Aeternorum
523 2288 679 2355 charitate
693 2293 856 2372 reputavit
870 2293 956 2370 vilia,

216 2377 263 2434 ll.
298 2371 430 2438 Habeas
445 2373 598 2452 gemitum
614 2392 671 2456 pro
687 2381 793 2448 cantu,
808 2374 960 2456 hymnum
975 2375 1007 2440 in
1022 2373 1164 2454 tristitia,

296 2455 507 2538 Coogaudere
522 2474 592 2520 cum
608 2458 719 2524 electis
734 2458 851 2523 meruit
864 2459 897 2524 in
912 2459 1024 2542 gloria.

216 2542 263 2603 m.
298 2537 367 2616 Quo
384 2559 441 2606 nos
455 2539 561 2606 cuncti
576 2539 771 2620 festinemus,
791 2548 827 2608 ut
841 2549 915 2626 post
929 2543 1006 2608 baec
1021 2541 1115 2607 exilia

295 2623 370 2704 Ipsa
385 2623 615 2690 interveniente
631 2625 788 2692 laetemur
802 2628 835 2692 in
852 2629 965 2710 patria.
1000 2627 1110 2692 Amen.

283 2729 379 2788 Text.
416 2733 504 2789 Naala
522 2749 549 2802 p.
570 2737 629 2790 167.
649 2749 665 2790 a
683 2734 760 2792 llius.
780 2733 937 2792 Redonensi
958 2737 1034 2790 1523.
1072 2763 1106 2775 -
1142 2731 1242 2789 Daniel
1262 2731 1295 2800 V,
1314 2731 1367 2786 293
1390 2729 1443 2784 lact
1464 2730 1516 2784 don
1573 2721 1574 2735 ¹

211 2799 283 2857 Text
301 2818 353 2858 arcs
372 2803 469 2860 Neela.
1572 2803 1573 2813 ¹

568 3159 640 3220 860.
683 3155 734 3220 De
753 3175 795 3220 ss.
823 3153 943 3222 Ursulo
965 3175 1035 3220 caru
1055 3153 1157 3218 seclia

535 3267 668 3336 (Verebrt
685 3287 730 3326 am
747 3275 791 3326 21.
811 3269 872 3327 oct.
910 3271 938 3327 S.
956 3269 1028 3325 noch
1046 3267 1099 3322 Nr.
1118 3270 1193 3336 455.)

237 3395 263 3453 l.
282 3387 321 3453 ln
336 3406 373 3453 su
415 3392 483 3456 ruis
498 3406 629 3455 concors
644 3389 751 3456 choris
956 3389 1083 3454 Vacans
1097 3387 1156 3453 Dei
1173 3383 1319 3468 laudibus

282 3469 367 3537 Melo
391 3472 440 3537 iac
456 3473 606 3538 dulcioris
956 3472 1035 3538 Cum
1050 3473 1116 3538 suis
1132 3467 1293 3536 sodalibus

282 3555 448 3622 Canticum
465 3555 677 3637 depromitur:
955 3555 1077 3634 Quibus
1092 3559 1143 3620 est
1157 3553 1309 3637 praelata.

283 3639 331 3706 lbi
347 3638 634 3722 iugisetaetema,
907 3647 936 3708 t.
955 3639 1058 3718 Quam
1073 3655 1202 3704 uxorem
1217 3654 1274 3700 rex
1288 3633 1463 3716 anglorum

284 3721 415 3806 Semper
429 3742 523 3802 nora,
538 3743 599 3788 noo
614 3723 766 3790 besterna
955 3725 1045 3790 More
1061 3723 1143 3804 petit
1157 3721 1374 3786 Barbarorum

283 3805 370 3872 Laus
386 3807 494 3873 divina
508 3808 640 3873 canitur.
955 3806 1019 3874 Suo
1036 3807 1105 3872 dari
1121 3803 1201 3869 lilio:

235 3897 263 3956 2.
282 3890 332 3957 lbi
347 3891 463 3974 triplex
478 3892 665 3972 angelorum
955 3891 1061 3956 Minae
1076 3907 1190 3971 graves
1206 3889 1421 3968 apponuntur,

283 3973 473 4042 Hierarchia
492 3987 689 4040 caeterorum
953 3976 1020 4040 Nisi
1037 3973 1116 4039 liant
1130 3989 1213 4054 quae
1228 3973 1413 4068 poscuntur,

283 4057 639 4142 Ooosonanttripudio:
827 4126 832 4132 ,
956 4058 1297 4125 Gertomissonuotro.

283 4139 359 4207 Istis
375 4159 490 4224 agmen
503 4141 658 4224 virginale
908 4147 936 4207 5.
956 4143 1006 4209 Ad
1021 4141 1099 4207 haec
1114 4145 1206 4224 pater
1220 4141 1449 4234 consternatur,

283 4225 429 4290 Iunctum
445 4243 572 4292 carmen
588 4227 726 4309 speciale
955 4227 1040 4292 Nata
1055 4225 1179 4301 suadet,
1196 4223 1376 4287 dimittatur

285 4308 414 4374 Summo
431 4316 557 4376 constat
570 4311 686 4377 studio.
956 4309 1125 4390 virginum
1142 4307 1329 4388 collegium:

236 4403 264 4460 3.
285 4390 356 4458 Illic
372 4389 566 4458 Deilamula
954 4389 1395 4476 ridosponsusinrornccur,

284 4475 488 4542 Praeccntrix
507 4481 557 4542 est
572 4474 690 4542 Ursulo
955 4475 1150 4544 informatus
1166 4473 1296 4540 tandem
1312 4475 1403 4540 detur

283 4561 370 4626 Voce
385 4559 540 4628 delicata:
954 4559 1023 4628 Sibi
1036 4564 1110 4644 post
1123 4558 1305 4624 triennium.
