3234 5246
567 259 874 377 .-429-“

365 446 435 508 629.
478 441 532 508 Dc
553 461 578 507 s.
601 443 780 526 Leodeparo
802 444 946 526 episcopo
967 450 997 509 et
1016 450 1163 530 martyre.

281 548 348 617 (Um
366 553 419 604 616
436 551 469 604 in
486 549 664 607 Frcolrcich
680 553 749 622 pah,
766 559 834 623 past.
854 557 914 622 678,
933 555 1043 609 verchrt
1062 571 1108 608 om
1125 559 1151 608 2.
1171 555 1247 624 otc.)

488 653 605 724 (Auctor
622 655 731 711 Notlrer
748 655 883 710 Balbulns
901 655 1039 727 habetur.)

136 782 164 840 1.
187 773 438 854 solemnitatem,
454 772 571 841 fratres
586 775 771 856 charissimi,
786 777 918 843 colimus
934 778 1060 842 almam.

134 865 164 925 2.
188 858 512 1008 Martymsbegtremm
533 860 663 925 virtutis
686 860 884 943 Leodegarii,
912 861 1051 942 episcopi
1074 859 1222 940 civitatis,
1247 861 1414 942 provisore

263 941 320 1008 tui
359 961 396 1006 ea
412 961 458 1008 ae.

135 1037 164 1098 3.
188 1027 352 1092 Laudibus
369 1025 450 1090 hanc
465 1025 585 1091 sedulis
596 1044 739 1108 agamus
754 1032 787 1093 et
798 1029 931 1094 eundem
944 1027 1123 1110 pontificem
1134 1028 1253 1094 crebris
1264 1029 1412 1110 precibus

263 1127 422 1192 rogemus,
437 1115 475 1175 ut
489 1128 548 1175 nos
564 1109 682 1176 Christi
698 1122 775 1193 pace
789 1113 922 1195 repleat.

133 1199 164 1260 4.
187 1194 270 1259 Nam
281 1211 345 1258 non
355 1193 536 1260 dubitamus
547 1213 654 1277 regem
665 1195 760 1260 militi
772 1214 829 1262 suo
839 1201 986 1278 prompte
997 1215 1146 1277 annuere,
1155 1195 1258 1278 plebis
1267 1196 1412 1278 quotiens

263 1277 366 1342 fidelis
382 1279 590 1344 necessitates
608 1283 770 1361 suggerat.

135 1366 163 1425 5.
187 1361 248 1440 Qui
262 1362 386 1426 meritis
401 1362 511 1444 probis
526 1364 680 1445 templum
696 1369 824 1446 pectore
839 1381 896 1430 sno
911 1363 1039 1447 spiritui
1054 1367 1164 1430 sancto
1180 1368 1303 1429 castum
1318 1382 1410 1446 prae·

263 1447 342 1524 buit,
357 1446 520 1511 revincens
535 1445 769 1513 oblectamenta
786 1449 937 1531 corporis.

136 1534 165 1594 6.
188 1529 265 1595 Pius
289 1535 322 1594 et
344 1529 518 1610 modestus,
540 1536 727 1597 mansuetus
749 1532 941 1610 interventu,
961 1530 1074 1611 fidelis,
1095 1535 1254 1610 strennue,
1277 1532 1317 1597 ab
1340 1531 1410 1596 ills-

263 1614 367 1694 cebris
381 1612 550 1680 mundanis
565 1617 704 1680 animum
719 1617 881 1698 proprium
898 1633 1088 1682 conservans
1103 1615 1268 1680 inlaesum.

135 1703 164 1766 7.
186 1697 321 1764 Praesul
343 1697 394 1762 hic
416 1717 478 1763 non
501 1699 603 1764 solum
623 1698 803 1780 praelatam
826 1699 967 1765 diocesin
989 1701 1111 1765 salubri
1133 1699 1239 1764 studio
1262 1716 1410 1780 procura·

262 1786 363 1860 verat,
378 1781 435 1847 sed
450 1786 552 1848 totum
566 1782 760 1848 Francorum
774 1784 942 1866 imperium
956 1783 1128 1866 prudenter
1142 1784 1284 1864 regebat.

134 1870 164 1930 8.
186 1865 247 1930 Hic
261 1865 452 1948 pauperibus
472 1867 570 1948 largis
591 1867 728 1933 refector
747 1867 1020 1949 moerentiumque
1043 1869 1172 1942 solator,
1194 1866 1363 1932 viduamm
1378 1871 1411 1931 et

263 1947 476 2031 orphanorum
492 1949 637 2016 defensor
652 1951 834 2032 exstiterat;

134 2037 163 2098 9.
187 2034 250 2099 Sed
265 2033 449 2099 muneribus
463 2033 580 2100 mundo
595 2041 662 2101 tarn
678 2036 739 2117 piis
754 2035 905 2116 antiquus
919 2035 1063 2101 invidens
1077 2034 1180 2099 hostis
1194 2037 1305 2098 contra
1319 2032 1409 2098 illum

262 2135 319 2182 ceu
333 2117 504 2198 singularis
518 2135 591 2182 mox
606 2118 717 2184 dentes
732 2121 866 2184 exacuit.

115 2207 162 2267 10.
185 2203 253 2267 lam
269 2199 396 2283 quidem
412 2220 532 2267 veneno
547 2203 701 2269 satellites
724 2203 819 2268 draco
836 2219 1025 2284 squamosus
1044 2199 1163 2280 iniecit,
1183 2205 1280 2281 atque
1304 2217 1409 2265 secum

262 2285 295 2348 in
309 2283 426 2350 furoris
440 2285 530 2351 netas
546 2287 775 2368 conspiravissa
789 2287 874 2351 fecit.

114 2374 162 2434 11.
185 2367 251 2433 Neo
272 2386 376 2448 mora,
407 2386 626 2452 comprensum
646 2371 679 2435 in
698 2371 824 2436 vincula
845 2371 947 2434 virum
967 2369 1094 2434 beatum
1116 2373 1257 2434 truserat
1278 2369 1408 2450 pietatis

261 2453 369 2517 nescia
384 2471 509 2533 manns,
525 2472 562 2520 ac
577 2455 743 2520 tormentis
758 2453 920 2533 affecerat3

114 2540 162 2600 12.
185 2533 297 2601 Clarus
312 2537 440 2602 luminis
453 2537 592 2619 dempsit
605 2537 771 2618 fenestras,
787 2539 851 2604 oris
866 2537 1026 2603 exciderat
1037 2553 1201 2618 organum,
1216 2552 1256 2599 ne
1267 2534 1408 2600 institiae

260 2619 409 2685 laudibus
424 2621 625 2688 recitavisset
639 2621 811 2686 dominum.

113 2707 161 2766 13.
185 2700 249 2768 Sed
264 2723 337 2769 mox
351 2703 496 2769 conditor
509 2723 618 2770 vocem
633 2705 783 2785 reddidit,
808 2708 840 2770 et
862 2723 919 2786 pro
934 2703 1108 2768 luminibus
1130 2701 1239 2782 cratia,
1261 2701 1406 2768 coelesti·

260 2789 320 2852 hus
336 2787 419 2853 hnuc
433 2789 532 2854 radiis
548 2789 611 2854 iam
626 2789 846 2871 circumsepsit
859 2789 893 2852 iu
907 2789 1012 2852 terris.

116 2873 163 2934 14.
185 2869 229 2933 Et
249 2871 386 2937 ministri
399 2872 580 2938 Belcebulis
602 2873 692 2938 illum
713 2879 879 2938 cernentes
901 2878 973 2954 post
987 2871 1121 2938 vulnera
1135 2887 1206 2936 esse
1221 2868 1408 2934 validiorem

260 2974 298 3020 ex
322 2962 463 3022 avenant.

115 3039 162 3102 15.
184 3037 227 3104 Et
242 2976 379 3122 potioris
395 3047 557 3123 stuporem
578 3040 612 3105 in
630 3041 710 3105 iram
732 3042 895 3106 vertentes
921 3039 1110 3105 sententiam
1133 3039 1308 3103 decernunt
1322 3036 1407 3118 capi-

259 3125 355 3188 talem
372 3142 408 3189 su
432 3143 467 3189 er
481 3143 563 3190 eum.

114 3209 160 3270 16.
184 3203 323 3288 Spiritus
343 3143 430 3289 perid)
445 3208 551 3274 aulam
571 3207 713 3290 gaudens
735 3206 910 3290 angelicam
932 3210 965 3271 et
986 3223 1101 3286 corpus
1123 3203 1323 3286 triumphalis
1347 3204 1407 3270 viri

259 3291 350 3357 stetit
364 3309 422 3356 ceu
437 3291 509 3359 vivi.

179 3397 274 3452 Tenet.
311 3399 402 3454 Morel
420 3401 473 3456 No.
491 3403 552 3456 469.
571 3397 599 3454 S.
617 3401 679 3453 265.
699 3415 766 3454 aas:
784 3397 837 3454 Hs.
857 3415 893 3453 aa
912 3397 1076 3452 Eioaicdelo
1095 3397 1147 3452 No.
1168 3400 1227 3450 121.
1247 3399 1290 3449 10.
1305 3393 1406 3449 Jahrb.

110 3468 216 3536 „Dicae
233 3469 358 3538 Sequana
375 3482 430 3525 oon
447 3473 554 3526 Notker
573 3471 607 3542 (ἲ)
627 3471 734 3525 schcint
751 3471 830 3523 nicht
846 3469 1033 3540 poncricbtc'p
1044 3468 1270 3538 otperchra'cheu:
1289 3481 1317 3520 es
1331 3471 1406 3520 codro

112 3541 182 3594 auch
200 3541 264 3595 sehr
282 3543 427 3614 sclawierip
445 3545 491 3597 cin
512 3541 656 3598 Varamoss
674 3542 866 3596 tmanatallou.
903 3540 948 3594 Im
968 3539 1099 3608 Oripa'not
1117 3540 1156 3592 ist
1174 3540 1219 3592 die
1235 3537 1357 3591 Melodic
1375 3539 1407 3590 in

110 3609 235 3665 Naaman
262 3629 307 3666 om
334 3612 436 3668 Raude
461 3613 645 3685 peschricbcn,
675 3614 734 3666 ιιιιά
760 3614 792 3666 in
820 3613 910 3667 dieser
938 3611 1045 3666 scheint
1073 3609 1225 3664 machiner
1244 3609 1336 3678 cincio
1356 3609 1405 3661 der

111 3681 267 3809 Rbpghmaa
280 3700 322 3810 &a
339 3685 435 3810 lilcpcn.
472 3684 629 3754 chcnfollo
646 3685 686 3738 ist
705 3684 750 3738 dic
767 3682 892 3752 Sequens
910 3699 1003 3753 wopan
1020 3681 1201 3737 ibresnlcerc
1220 3681 1304 3736 achon
1318 3678 1405 3734 mert-

110 3769 169 3807 war
188 3769 226 3825 ap.
313 3770 380 3812 ore.

539 3929 610 3991 630.
652 3925 704 3992 De
724 3947 751 3993 s.
772 3926 974 4009 Leodcpora'o.

112 4048 138 4106 1.
163 4041 266 4108 Adest
280 4059 416 4124 namque
432 4043 499 4108 dies
514 4061 614 4122 sacra,
780 4051 807 4111 2.
835 4044 894 4110 Cui
909 4043 1053 4109 Christus
1069 4041 1206 4124 gratiam

162 4127 327 4208 perlucida
343 4127 693 4210 atqueformosissima,
833 4129 1014 4194 contulerat
1028 4145 1091 4192 non
1107 4125 1272 4206 modicam,

147 4216 276 4276 'ornata
289 4209 551 4292 Leudgariinece
567 4213 678 4293 sancti,
832 4216 869 4278 ut
884 4213 1038 4278 vincendo
1053 4212 1196 4275 vinceret

163 4292 224 4370 Qui
239 4294 378 4374 plurima
393 4295 595 4360 commiserat
832 4298 988 4378 malignas
1002 4295 1100 4360 astuti
1116 4293 1245 4359 fraudes
1264 4292 1402 4372 colubri;

161 4377 194 4441 in
210 4377 270 4442 hac
283 4377 350 4442 vita
364 4377 483 4444 saeculi
499 4377 663 4452 miracula,
833 4379 894 4456 Qui
909 4385 981 4462 post
995 4381 1129 4444 multum
1142 4377 1318 4458 profectum

161 4461 298 4527 invictas
314 4479 439 4546 semper
453 4461 644 4529 effundendo
660 4481 732 4547 pre·
832 4465 957 4546 populis
973 4460 1241 4544 proclamantibus

204 4563 266 4612 ces.
832 4554 928 4630 atque
943 4548 1198 4613 contestantibus
1269 4592 1275 4596 -

832 4631 992 4698 adsedem
1005 4630 1190 4714 provehitur
1197 4625 1401 4712 pastoralem.
