3210 5230
622 251 768 315 -555
817 283 855 296 -

113 439 142 498 7.
160 430 314 510 Quidum
329 429 467 512 complet
480 429 594 496 ultimo
786 433 815 494 9.
834 427 917 494 Miro
931 425 989 492 Dei
1006 425 1111 508 graiis

161 515 323 596 Perignis
339 513 410 580 duci
425 515 538 582 inimo
833 511 987 576 Botorum
1003 509 1078 574 dum
1093 509 1235 591 pondors

163 599 376 677 Ooms,veste
834 594 1070 672 Dissolvuniur,

160 681 263 748 Simul
277 687 361 747 tesls
835 677 1052 744 Contoruniur

162 767 235 832 Non
248 771 363 848 putent
376 763 537 831 incendis:
834 763 1006 844 impiorum
1021 760 1140 826 millis:

163 849 263 931 Virgo
278 868 360 932 purs
375 855 434 914 etc.
835 845 935 926 Virgo
951 863 1032 925 pura
1047 849 1108 910 etc.

113 945 143 1006 8.
162 931 252 998 Uxor
267 951 324 1017 per
342 939 374 1000 te
388 931 480 1013 regin
769 933 815 994 10.
835 929 919 996 Dum
933 929 1056 996 lictoris
1071 927 1195 1008 spiculo

162 1017 261 1098 Regis
276 1035 347 1082 cum
363 1015 478 1082 militis
835 1011 931 1079 Subis
946 1016 1020 1096 post
1034 1011 1174 1094 periculo

162 1099 291 1167 christo
307 1099 409 1166 credit
834 1097 897 1162 Pro
912 1113 1024 1162 cruore

162 1183 361 1252 Etsededii
834 1179 924 1246 Novo
939 1197 1028 1244 more

161 1267 526 1350 Volensadmnrtyrin:
834 1261 1249 1330 Luctismsnsuiflumins:

161 1351 261 1434 Virgo
274 1369 355 1436 pura
370 1351 432 1416 etc'
833 1347 933 1430 Virgo
948 1354 1103 1432 puraotc.

164 1457 259 1516 rest.
295 1459 396 1514 Daniel
413 1457 449 1526 Il,
468 1457 529 1512 242.
548 1469 577 1510 s:
605 1451 770 1524 „Reliquiae
789 1454 930 1526 Antiquae
953 1471 1049 1525 scrupe
1072 1454 1143 1510 iroru
1167 1455 1278 1512 socient
1294 1455 1392 1512 Esou·

90 1529 193 1600 scrinis
211 1537 262 1585 cto.
281 1529 374 1586 ediied
392 1529 428 1599 by
446 1527 567 1583 Thomas
586 1524 697 1594 Wright
725 1525 780 1580 ond
798 1525 892 1583 Jsmss
910 1526 1057 1610 Hslliusll.
1094 1527 1211 1581 London
1242 1528 1389 1580 lucc-43.

90 1601 128 1656 11.
148 1601 211 1658 roll.
229 1602 295 1672 1.p.
316 1605 376 1672 104,
395 1600 466 1656 irorn
483 1599 536 1656 lis.
556 1597 679 1666 Egeston
698 1595 750 1653 No.
769 1599 822 1654 613
840 1599 869 1653 in
888 1599 936 1653 the
954 1599 1060 1654 Bnlrslr
1078 1597 1233 1653 idoneum.“

668 1841 702 1848 ...-
707 1841 845 1849 -..n—n..-

376 2025 449 2086 830.
491 2019 544 2086 Dc
564 2038 590 2086 s.
613 2020 795 2088 Kaihen'oo
816 2021 854 2087 de
875 2021 968 2089 Sosis
989 2021 1119 2104 circino.

91 2141 173 2214 (deo.
192 2141 263 2194 1347
280 2153 318 2193 su
334 2135 421 2191 &coa
437 2137 469 2190 io
488 2135 627 2207 Toskooc,
644 2142 712 2207 yesi.
731 2137 851 2194 suRom
868 2142 913 2194 29.
922 2137 996 2209 Ans.
1005 2141 1084 2208 1380,
1103 2139 1213 2193 vereirl
1231 2141 1406 2209 30.April.)'

117 2273 145 2331 1.
169 2263 263 2330 Solve
277 2262 374 2327 besto
387 2257 565 2324 Kstherioo
580 2259 619 2326 de
636 2261 735 2343 Senis,
752 2259 818 2328 filis
831 2261 942 2328 Acosti
958 2262 1003 2328 sic
1018 2279 1157 2344 congrue
1171 2261 1265 2327 dicis.

115 2355 145 2414 2.
167 2347 281 2415 Adhuc
294 2345 346 2410 vix
360 2343 581 2426 quinquennis,
596 2345 629 2410 in
644 2352 677 2412 te
692 2346 833 2412 ostendis
849 2347 896 2412 tui
912 2347 1048 2412 nominis
1060 2365 1137 2425 rem,
1154 2345 1284 2410 flectens
1299 2363 1392 2427 genu,

247 2427 383 2496 lundens
397 2446 522 2510 precem
537 2427 579 2493 cd
595 2427 767 2510 Christum,
783 2448 842 2495 nec
856 2448 919 2496 non
934 2430 976 2496 sd
991 2431 1059 2496 eins
1074 2439 1211 2496 matrem

117 2522 147 2584 3.
170 2516 279 2582 Annos
295 2520 417 2594 septem
432 2512 529 2594 geris,
552 2512 627 2578 dum
642 2513 841 2597 constringis
856 2513 1013 2580 coelibatu
1028 2513 1167 2588 Christo,
1190 2520 1306 2594 optans
1320 2513 1395 2579 hinc

246 2595 305 2664 sibi
321 2601 354 2662 ei
368 2595 463 2661 moiri
478 2595 594 2662 offecto
608 2597 737 2680 puriore
752 2598 909 2680 coniungi.

117 2690 146 2749 4.
169 2682 214 2749 'le
229 2681 436 2758 duodennem,
457 2679 517 2744 viri
531 2679 659 2748 thorum
674 2687 877 2765 respuentem
892 2680 1031 2748 sfflirerc
1045 2683 1175 2764 indigne
1190 2683 1298 2747 multis
1312 2681 1394 2746 iniu-

245 2766 303 2832 riis
318 2765 386 2830 noti
401 2769 434 2830 et
446 2764 625 2846 propingui.

118 2857 148 2917 5.
171 2850 244 2932 Sed,
268 2849 324 2932 qui
345 2853 377 2914 ie
397 2848 448 2930 pie
471 2847 622 2928 dignatus
643 2855 692 2914 est
714 2849 841 2930 eligere,
872 2867 1009 2932 sponsos
1031 2867 1110 2916 suos
1137 2855 1212 2932 post
1231 2849 1318 2914 bello
1339 2849 1397 2916 dat

247 2951 368 3015 pacem,
383 2931 550 2998 illustrans
565 2933 719 2998 virtutum
734 2939 768 2998 ei
782 2931 883 3000 donis.

119 3030 148 3090 6.
171 3018 253 3085 (lero
267 3021 436 3096 mactatur,
451 3013 583 3098 spiritus
597 3015 825 3098 impinguatur,
845 3017 1057 3097 abstinentiis,
1072 3018 1256 3084 excessibus
1272 3017 1396 3096 mentis,

248 3099 422 3184 disciplinis
437 3097 525 3182 diris,
541 3099 658 3182 vigiliis
672 3101 783 3166 sacris.

120 3193 149 3252 l.
172 3185 280 3253 Vestis
294 3183 415 3250 inculta
430 3183 623 3266 duriornque
636 3189 750 3262 susis,
772 3185 863 3266 quies
885 3184 1019 3265 modico,
1042 3183 1171 3250 reiectio
1190 3203 1296 3266 poros,
1318 3185 1397 3248 haec

249 3276 306 3335 iun
320 3267 436 3348 studio,
453 3266 567 3350 quibus
581 3267 750 3335 insudasti.

120 3359 150 3420 8.
172 3353 255 3419 Hinc
276 3351 419 3418 ordinem
441 3351 656 3434 poenitentioe
677 3369 820 3418 sororum
835 3353 924 3419 subis
938 3353 1114 3425 celerrime,
1135 3371 1155 3417 n
1173 3357 1207 3416 te
1226 3353 1398 3433 plurimum

250 3436 369 3504 dudum
391 3439 546 3518 optutum,
567 3433 618 3502 bis
637 3435 745 3502 decem
765 3454 866 3504 snnos
889 3453 998 3518 egens.
1043 3434 1205 3514 Quantum
1219 3436 1398 3518 proiectum

247 3520 322 3586 illuc
350 3519 598 3602 apprehenderis
631 3518 727 3586 fidem
761 3521 874 3602 vincit,
914 3521 1039 3586 excedit
1072 3520 1242 3586 humanum
1267 3519 1407 3604 vivendi,

120 3695 149 3754 9.
172 3687 225 3756 Sic
246 3601 468 3783 cloorrdleuigrnies
485 3691 576 3754 tuum
598 3687 824 3786 cdsponsum,
848 3693 884 3753 ut
909 3689 1030 3771 cogites
1056 3689 1135 3754 nihil
1161 3697 1297 3786 praeter·
1311 3705 1397 3786 cunr,

250 3778 363 3855 sponte
384 3773 550 3852 noghgens
570 3790 674 3838 carnis
700 3771 817 3851 debris,
842 3790 879 3837 so
905 3774 932 3838 si
956 3774 1075 3840 crisias
1097 3779 1167 3838 toto
1191 3775 1224 3838 in
1251 3780 1398 3856 spiritum

249 3873 414 3953 converso:
437 3857 642 3922 crebrescunt
655 3855 728 3922 hinc
741 3863 868 3940 ruptus,
892 3856 1157 3940 divinoqueiiunt
1180 3864 1256 3924 nots
1279 3857 1338 3922 libi
1354 3856 1399 3921 sic

101 4030 151 4090 10.
174 4023 237 4090 Sed
249 3943 432 4105 fgsgtffles
447 4021 562 4104 spiritu
577 4023 679 4103 bonis,
694 4029 809 4089 utnon
823 4023 972 4090 eximaris
987 4042 1007 4089 s
1020 4023 1166 4106 flagellis,
1182 3987 1411 4122 quibusexer·¹

250 4113 421 4174 censium
443 4111 550 4172 menie
573 4123 667 4188 quom
690 4124 784 4174 csrnc
805 4127 863 4190 per
884 4108 1091 4175 adversorum
1117 4127 1210 4174 cosus
1236 4127 1353 4189 varios,
1380 4128 1400 4174 n

251 4193 370 4258 mundo
385 4197 418 4257 et
433 4191 474 4256 nb
489 4190 592 4258 hoste.

102 4281 153 4346 ll.
176 4273 259 4342 Sunt
272 4295 363 4342 ormo
386 4282 452 4355 tun,
479 4273 595 4356 quibus
615 4275 805 4359 triumphas
831 4276 1004 4344 humilibus
1025 4276 1131 4342 cordis
1151 4276 1248 4344 robur
1269 4278 1396 4355 meotis,

243 4375 337 4512 {mesti
347 4359 672 4510 suncigeltmercedtilsll
682 4377 753 4510 cilum
777 4362 931 4426 oracione.
974 4359 1033 4425 liis
1059 4359 1141 4426 iulto
1165 4359 1270 4426 nullos
1300 4378 1398 4442 paves

275 4463 293 4510 o
339 4463 392 4510 um
406 4463 479 4510 rnu
507 4461 554 4523 us,
569 4461 623 4510 os
673 4461 690 4509 e
727 4495 733 4508 .

101 4531 152 4595 12.
175 4525 252 4596 Tuis
266 4529 438 4680 gnomo
453 4531 589 4610 seorsis,
604 4527 776 4594 virtutibus
791 4528 927 4608 illustro,
948 4545 1030 4610 quse
1044 4529 1118 4596 Iesu
1134 4532 1291 4612 stigmate·
1301 4529 1397 4596 elisur

253 4631 271 4682 e
320 4631 339 4679 o
371 4632 381 4677 r
418 4661 426 4678 .
