3210 5230
682 322 725 334 -
768 287 913 352 549-

150 472 180 537 1.
204 467 369 536 Machmas
383 467 491 552 fregit,
819 473 848 536 3.
876 469 945 536 Iam
959 471 1049 552 virgo
1064 469 1231 538 salutifera

204 557 293 620 rotas
308 551 433 630 deiecit,
874 571 945 620 cum
960 553 1227 622 Christouivitin
1243 555 1366 636 aethra,

204 643 344 704 tortores
360 634 647 702 3331331133113313
874 639 938 704 iam
953 637 1021 704 suis
1035 638 1091 704 dat
1105 640 1191 706 vitae
1205 641 1349 724 praemia

206 720 304 804 digna
318 720 378 786 Dei
392 719 489 786 ultio:
875 722 957 786 mirt
971 721 1170 805 Deigratit:

205 805 355 871 Sanctam
369 803 515 883 salvavit,
875 803 1038 888 Rogamus
1053 825 1130 888 ergo
1145 807 1282 888 domins,
1413 841 1418 854 ·

205 907 321 972 corpus
336 887 480 954 humavit
875 889 979 955 deleto
995 897 1107 956 nostra
1122 891 1264 968 crimina,

204 973 238 1038 in
253 977 360 1038 monte
374 971 452 1038 Sina
469 970 635 1036 collocarit
876 990 934 1038 nos
950 972 1088 1040 transfor
1101 974 1143 1039 ad
1158 974 1236 1042 coeli
1250 973 1369 1052 limina,

204 1057 391 1139 augelorum
407 1055 524 1121 concio.
876 1057 932 1123 ubi
946 1075 1010 1140 pax
1025 1065 1059 1125 et
1074 1059 1186 1141 gloria.

219 1180 245 1220 3.
264 1163 358 1220 Τ333.
393 1163 478 1218 Mona
496 1162 549 1218 113.
567 1163 621 1218 994
639 1161 675 1230 (3,
695 1163 757 1233 att)
776 1179 844 1218 aare:
861 1163 915 1220 Ha.
934 1181 971 1220 aa
990 1165 1109 1222 Goblear
1126 1167 1179 1224 No.
1201 1169 1242 1224 12.
1261 1161 1446 1221 3333133113-

147 1235 231 1304 todo,
249 1239 294 1292 14.
310 1235 421 1304 dabra,
439 1233 552 1306 3333333
564 1233 668 1304 frater
686 1233 739 1288 den
757 1232 925 1292 Oarmeb'ten
943 1253 980 1292 33
997 1236 1145 1308 Boppcrd.

219 1323 246 1382 b.
264 1322 446 1380 Leacrtcra
482 1327 508 1392 3,
527 1325 552 1376 2.
571 1321 671 1378 aethra
688 1321 727 1377 Μ.
745 1323 880 1392 „aethora
898 1323 951 1379 Ha.
968 1341 1054 1396 papea
1072 1326 1125 1382 dcc
1147 1325 1318 1382 Varronec
1336 1324 1429 1380 Mona.

219 1427 243 1468 c.
262 1411 414 1468 chcrt.
454 1409 542 1466 Uebcr
560 1411 612 1466 dos
630 1407 831 1482 Rbytbmiscte
848 1417 898 1468 cte.
916 1411 1025 1481 spossus
1043 1412 1161 1472 Bartsch
1179 1411 1208 1470 S.
1226 1415 1270 1470 31.
1278 1415 1323 1468 80.
1332 1415 1375 1468 38.
1386 1413 1447 1466 133.

508 1685 579 1748 319.
622 1681 720 1749 Des.
743 1681 1028 1750 Kellebauer
1047 1703 1087 1748 m.

172 1819 200 1881 l.
223 1816 289 1883 Are
308 1813 486 1963 praeetsignis
505 1817 636 1898 martyr,
662 1811 768 1896 dignis
790 1813 923 1882 colenda
942 1813 1101 1898 laudibus,
1128 1815 1253 1898 piorum
1272 1819 1309 1882 tu
1324 1833 1449 1898 gemma

299 1917 356 1964 san
389 1915 490 1964 orum,

170 1989 198 2050 2.
221 1983 312 2066 Euge
326 1982 412 2064 regis
427 1984 512 2061 nata,
535 1980 662 2046 domino
677 1987 780 2064 grata,
803 2000 881 2049 aevo
896 1981 1011 2066 puerili
1025 1981 1118 2050 senili
1133 1981 1220 2050 culta
1234 1981 1342 2049 studio
1356 1996 1448 2066 prac-

297 2063 396 2145 ludio,
413 2083 536 2130 morum
550 2065 712 2147 exemplar
726 2067 891 2134 bonorum.

170 2157 199 2218 3.
222 2150 322 2232 Virgo
350 2148 430 2231 legis
454 2147 556 2216 forma
580 2149 723 2232 rectique
748 2149 879 2230 norma,
905 2151 1035 2233 cupiens
1061 2154 1184 2218 mature
1208 2149 1337 2218 futurae
1363 2151 1448 2218 ritae

298 2233 420 2316 31113113,
436 2231 588 2300 abiiciens
603 2252 685 2300 rana
698 2235 763 2300 iam
778 2235 925 2302 sensibus
940 2251 1028 2301 cana.

169 2323 199 2388 4.
221 2317 266 2385 Te
281 2317 394 2384 domus
409 2317 511 2403 patris
526 2323 559 2384 et
573 2317 740 2400 suppellex
754 2321 823 2386 tota
838 2319 951 2386 matris
970 2319 1170 2402 recognoscit
1188 2317 1348 2400 heredem,
1370 2319 1448 2385 urbs

298 2401 514 2468 Alexandrina
529 2402 589 2468 tibi
603 2401 737 2484 praebet
751 2402 870 2468 sedem.

170 2491 199 2552 5.
221 2485 267 2554 'le
280 2483 496 2554 conflicturum
512 2482 658 2552 Christus
679 2490 712 2550 33
732 2486 1001 2570 triumphaturum
1016 2505 1128 2554 saevos
1142 2486 1252 2554 hostes
1267 2487 1446 2570 praescivit,

298 2569 415 2636 idcirco
431 2573 464 2634 te
479 2587 571 2635 suam
584 2569 727 2652 pugilem
741 2571 885 2636 munivit.

171 2657 200 2720 6.
221 2651 269 2720 Τ3
284 2671 402 2736 agnum
416 2653 496 2719 coeli
510 2670 646 2736 sequens
662 2655 756 2720 corde
770 2653 855 2720 fideli
866 2661 902 2720 tu
913 2655 1068 2722 Maxentii
1084 2654 1282 2738 contempnis
1297 2653 1446 2735 furorem,

298 2742 455 2820 martyres
470 2755 625 2820 superans
640 2737 719 2803 lacis
735 2737 892 2804 doctores.

170 2828 198 2887 7.
220 2821 332 2906 Tuque
351 2819 510 2888 lucentem
530 2828 634 2887 rotam
655 2828 752 2904 teque
771 2825 925 2889 terentem
946 2821 1099 2889 abiiciens
1120 2827 1153 2888 et
1174 2827 1319 2888 sternens
1335 2823 1368 2888 in
1383 2821 1445 2888 fida

298 2923 439 2990 paganos
454 2904 613 2972 roborasti
627 2905 828 2974 christianos.

170 2994 200 3056 8.
222 2989 305 3058 Hinc
326 2989 491 3072 gentilium
515 2991 579 3055 dux
597 2991 803 3070 convertitur,
827 3007 922 3073 quem
943 2991 1055 3072 regina
1074 2991 1233 3057 credendo
1253 2991 1398 3072 sequitur
1413 2998 1452 3058 et

299 3073 485 3156 obsequitur
498 3075 717 3140 incameratae
731 3075 891 3142 coelorum
906 3079 1015 3141 coetus
1030 3075 1090 3141 tibi
1106 3073 1228 3141 victrici
1248 3072 1371 3156 beatae,
1397 3076 1448 3140 cui

299 3157 446 3224 dominus
462 3157 553 3224 Iesus
568 3155 716 3224 Christus
731 3176 888 3256 apparens
903 3155 1062 3224 conlortat
1077 3165 1109 3226 33
1123 3157 1337 3224 nihilominus.

171 3243 200 3306 9.
223 3239 306 3307 Hinc
325 3260 441 3307 manna
462 3261 571 3308 verum
593 3242 651 3307 tibi
673 3241 821 3308 redditur
840 3242 955 3320 oranti,
978 3241 1054 3310 dum
1075 3261 1136 3307 vox
1157 3243 1245 3307 coelo
1259 3241 1399 3307 mittitur
1415 3247 1448 3308 et

298 3325 499 3475 ffi⁰¹¹¹imt¹¹r
509 3344 566 3410 pro
577 3325 692 3407 quibus
703 3343 776 3392 oras
788 3327 939 3406 solamen,
955 3327 1064 3408 sicque
1074 3325 1230 3392 decollata
1241 3325 1324 3390 lacte
1334 3343 1448 3392 rorans

324 3411 373 3475 'nc
392 3409 591 3488 subveheris,
612 3410 798 3492 angelorum
822 3429 861 3476 ue
879 3427 975 3476 manu
994 3409 1027 3476 in
1049 3415 1156 3476 monte
1171 3407 1257 3492 Syna
1272 3409 1447 3492 deponeris.

154 3496 201 3561 10.
223 3490 290 3558 Fac
303 3491 433 3574 iontem,
455 3493 528 3560 riva
542 3511 635 3576 quem
651 3497 687 3559 ut
701 3495 785 3561 oliva
798 3429 913 3576 Fundis
935 3494 1015 3559 baec
1028 3493 1148 3560 lacsiva
1161 3499 1364 3576 peccatorum
1379 3493 1448 3562 rul-

300 3595 376 3644 3313
390 3595 513 3659 curare,
532 3595 653 3659 nosque
674 3577 822 3661 solidare,
844 3596 884 3644 ne
899 3595 1095 3661 superemur,
1122 3577 1180 3644 sed
1194 3581 1268 3660 post
1282 3577 1448 3645 criminum

301 3663 466 3728 victoriam
481 3679 676 3729 coronemur.
1373 3693 1374 3696 ¹

154 3745 202 3806 11.
224 3741 288 3809 Fac
302 3745 369 3829 igni
383 3745 451 3813 fero
466 3763 524 3812 nos
540 3751 573 3812 et
586 3764 698 3812 severo
712 3763 775 3812 non
787 3743 882 3820 tradi,
897 3745 1447 3824 331113131333331113113331333311,

299 3828 371 3978 {aa
386 3836 423 3896 ut
448 3829 634 3913 temptaturi
658 3847 722 3896 non
747 3829 1000 3912 succumbamus,
1026 3829 1084 3896 sed
1109 3831 1290 3896 nocentium
1312 3827 1447 3896 iusidias

323 3931 512 3980 evincamus.

153 3997 202 4059 12.
225 3994 308 4063 Audi
323 4016 391 4078 nos,
406 4017 480 4064 nam
495 4005 527 4066 33
543 3997 690 4064 dominus
705 4015 855 4146 sssonsam
870 4015 962 4064 suam
975 3997 1122 4078 honorat,
1216 3975 1218 3982 ¹

154 4081 203 4144 13.
225 4077 401 4164 83133133,
416 4081 500 4164 Iesu,
516 4100 575 4165 pro
589 4081 705 4164 quibus
751 4081 898 4148 atberina
912 4087 944 4148 te
959 4087 1039 4146 orat.

154 4166 202 4227 14.
225 4163 276 4229 Da
289 4163 410 4233 fontem
423 4168 472 4233 tui
486 4166 598 4234 lateris
613 4183 669 4232 1133
684 4166 857 4231 emundare
894 4166 1000 4231 enitus
1015 4183 1035 4232 a
1049 4164 1122 4230 labo
1137 4164 1289 4243 criminis,

154 4252 203 4316 13.
226 4245 295 4324 Quo
310 4250 426 4317 haustu
440 4249 658 4332 indulgentiae
672 4249 826 4316 ducamur
840 4186 1049 4317 alcoelestia
1064 4266 1160 4314 manu
1174 4248 1371 4315 clementiae.

154 4334 202 4396 16.
226 4329 460 4401 Christianismi
481 4333 599 4400 donum
620 4333 671 4399 fac
689 4351 748 4399 nos
768 4336 884 4401 bonum
907 4333 1071 4399 custodire
1091 4337 1188 4415 teque
1210 4333 1257 4399 sic
1276 4333 1382 4413 sitire,
1414 4337 1451 4398 ut

301 4437 480 4488 mereamur
494 4425 568 4503 post
582 4419 713 4484 exilium
727 4423 839 4484 auctor
854 4419 895 4484 ad
910 4423 943 4484 te
957 4417 1105 4484 transire.

175 4576 179 4586 ,
223 4541 249 4580 a.
270 4523 364 4581 Tcat.
401 4525 628 4582 11333113998
647 4527 683 4596 (3,
702 4527 851 4594 36113331
879 4522 1034 4581 113333.
1053 4522 1178 4580 Paralia
1194 4523 1326 4581 Kdmteo
1343 4523 1443 4580 Noua

151 4593 452 4653 1133333333
469 4595 593 4654 Maroae
611 4597 666 4668 (A).
690 4595 743 4654 Ha.
762 4613 800 4653 aa
815 4596 844 4654 S.
863 4594 947 4652 Pater
963 4598 996 4650 in
1012 4595 1153 4666 1931331133
1171 4595 1233 4667 Vll,
1242 4600 1268 4654 1.
1288 4599 1330 4652 15.
1349 4563 1451 4654 aaut:

152 4665 205 4724 aa
225 4665 275 4726 der
292 4665 414 4726 Macco
433 4667 485 4744 (B).
