3266 5222
627 265 858 332 -189-

546 457 617 520 241.
662 451 795 522 Gaudio
816 451 957 520 Mariae.

96 591 125 653 l.
151 589 265 658 Gaude
278 591 379 672 virgo,
394 595 499 657 mater
513 590 641 671 Christi,
769 595 800 656 3.
825 591 946 673 Gaude,
961 589 1038 673 quia
1052 587 1099 656 tni
1115 585 1194 668 nati,

151 675 439 759 Quaeperaurem
455 675 636 758 concepisti.
826 675 927 754 Quem
940 674 1071 742 videbas
1086 677 1221 738 mortem
1236 667 1313 754 pati,

153 760 303 828 Gabriele
318 760 446 825 nuntio:
825 761 943 842 Fulget
956 757 1165 825 resurreetio:

153 845 277 924 Gaude,
293 843 369 926 qnia
382 843 451 909 Deo
466 843 563 925 piena
827 844 938 912 Gaude
953 843 1080 909 Christo
1095 838 1271 922 resurgent

152 927 416 1011 Concepistisine
432 945 535 1010 poena
825 923 1255 1002 Etadcoelosascendenti,

152 1012 233 1078 Cum
248 1013 379 1095 pudoris
397 1011 474 1078 lilio.
825 1013 916 1080 Motu
931 1011 1033 1078 fertur
1045 1011 1185 1094 proprio.
1359 1089 1365 1102 Ι

15 1169 17 1186 ,
94 1097 124 1154 2·
150 1096 274 1177 Gaude,
290 1095 452 1163 Christum
467 1096 616 1177 genuisti,
771 1096 800 1157 4.
827 1098 948 1178 Gaude,
963 1114 1046 1179 qnae
1057 1101 1130 1178 post
1139 1095 1245 1177 ipsum
1259 1088 1396 1170 scandis,

15 1201 17 1216 ’
153 1181 255 1258 Quem
271 1181 404 1248 adorare
420 1180 613 1263 conspexisti
826 1183 870 1248 Et
884 1187 935 1248 est
948 1180 1050 1246 honor
1064 1179 1124 1246 tibi
1139 1176 1270 1260 mandis

151 1265 339 1347 Tresreges
355 1283 427 1330 cnm
440 1265 597 1347 tripudio:
825 1267 863 1332 In
878 1266 956 1332 coeii
971 1263 1106 1348 palatio:

153 1349 275 1430 Gaude,
293 1347 445 1430 quodest
461 1353 685 1432 praesentatus
826 1349 890 1416 Ubi
904 1349 1027 1414 tructus
1042 1347 1164 1414 ventris
1179 1346 1227 1409 tui

151 1431 552 1500 Perteielixtuusnatns
826 1435 888 1500 Per
901 1439 935 1500 te
950 1433 1040 1500 nobis
1055 1432 1148 1498 detur
1162 1428 1225 1495 frui

151 1517 457 1600 Legistestimonio.
826 1517 865 1584 In
880 1519 1012 1602 perenni
1026 1516 1153 1599 gaudio.
1185 1514 1296 1579 Amen.

166 1625 260 1682 Tcat.
297 1627 382 1682 Mona
399 1627 452 1682 No.
471 1629 524 1684 455
543 1629 579 1700 (2,
599 1629 670 1700 163.)
689 1645 756 1686 atta:
774 1627 968 1686 Reicheacocr
986 1623 1159 1696 Papae-Ha.
1178 1624 1231 1681 No.
1241 1624 1284 1678 36.
1295 1619 1343 1676 Bi.
1351 1623 1395 1676 20.

93 1715 132 1753 su
149 1696 320 1770 Karteraite,
337 1701 381 1754 15.
399 1697 500 1755 dutrii.

644 1883 841 1892 ψ--ω--ικ-

317 2031 389 2094 242.
432 2025 485 2095 De
499 2035 616 2112 septem
627 2019 757 2114 pcadia‘s
771 2031 879 2136 beatae
892 2029 1026 2096 Mariae
1039 2027 1184 2110 oirpc'oa's.

15 2245 16 2250 Ἰ
97 2172 124 2232 1.
153 2163 268 2231 Gaude
282 2163 384 2246 virgo,
399 2170 502 2231 mater
517 2165 646 2249 Christi,
770 2177 800 2237 4.
827 2166 938 2234 Gaude
953 2165 1080 2232 Christo
1095 2163 1309 2230 adscendente

153 2248 242 2326 Quae
257 2266 314 2332 per
328 2267 438 2315 aurem
455 2251 628 2335 concepisti
826 2252 870 2317 Et
883 2253 916 2318 in
931 2252 1054 2316 coelum
1069 2255 1102 2315 te
1118 2247 1248 2314 vidente

154 2333 305 2400 Gabriele
320 2333 448 2400 nuncio:
826 2335 918 2402 Motu
931 2335 1034 2402 fertur
1052 2332 1198 2416 proprio:

154 2417 277 2496 Gaude,
294 2434 375 2496 qnae
389 2436 409 2484 a
423 2417 492 2482 Deo
506 2417 600 2500 plenu
828 2419 950 2500 Gaude,
969 2425 1044 2484 tuus
1059 2423 1154 2483 natus
1168 2413 1257 2480 misit
1300 2495 1307 2508 .

155 2501 314 2584 Peperisti
330 2501 398 2567 sino
412 2518 517 2584 poena
827 2506 979 2572 Sanctum
993 2519 1140 2585 pneuma,
1156 2505 1193 2566 ut
1206 2496 1363 2581 promsit,

155 2585 235 2651 Cum
249 2583 381 2669 pudoris
395 2585 472 2654 lilio.
827 2588 957 2655 (iunctis
971 2587 1006 2652 in
1020 2585 1164 2668 pallatio.

771 2674 800 2736 5.
826 2671 947 2753 Gaude,
962 2689 1045 2754 quae
1057 2669 1248 2752 postipsum
1260 2662 1396 2746 scandis,

825 2757 869 2823 Et
883 2756 1006 2824 esttibi
1020 2755 1120 2820 honor
1135 2749 1265 2835 grundis

826 2844 864 2908 In
879 2839 959 2907 coeii
976 2839 1105 2906 solatio:

827 2925 939 2992 Gaude
953 2921 1031 2990 flore
1044 2919 1193 3004 virginali

826 3009 870 3074 Et
883 3009 1004 3074 honore
1019 3005 1150 3088 speciali

827 3091 1065 3159 Transcendisti
1080 3089 1201 3156 omnia:

827 3176 892 3244 Ubi
907 3176 1029 3242 fructus
1043 3174 1162 3241 ventris
1176 3171 1224 3238 tui

827 3263 889 3327 Per
903 3267 936 3327 tc
950 3261 1044 3326 nobis
1060 3259 1155 3324 detur
1169 3254 1233 3321 frui

827 3347 866 3412 In
880 3345 1010 3429 perenni
1024 3343 1152 3426 gaudio.

99 3433 128 3492 3.
156 3424 279 3506 Gaude,
295 3441 388 3507 quem
402 3426 605 3510 inquisitisti,
772 3427 801 3488 6.
828 3430 950 3510 Gaude,
966 3447 1048 3512 quae
1063 3445 1098 3492 es
1113 3427 1167 3490 lux
1184 3421 1307 3502 solaris,

155 3509 235 3575 Post
248 3515 315 3575 tres
330 3511 398 3576 dies
413 3511 564 3580 invenisti
828 3514 926 3594 Goeli,
940 3518 1046 3579 terrae
1060 3507 1256 3593 imperatrix,

154 3593 328 3660 Doctorum
343 3594 376 3659 in
390 3595 509 3662 medio:
826 3596 1184 3664 Mediatrixhominum.

157 3677 280 3758 Gaude,
297 3678 373 3760 quia
387 3679 435 3744 tni
449 3681 527 3762 nati,
828 3683 950 3764 Gaude,
966 3683 1042 3764 quia
1055 3699 1089 3746 es
1106 3676 1256 3754 adiutnix,

155 3761 257 3836 Quem
271 3761 403 3830 videbas
416 3771 551 3831 mortem
565 3767 643 3850 pati,
828 3769 960 3850 Semper
974 3767 1028 3849 pia
1041 3766 1086 3832 sis
1100 3767 1133 3830 et
1150 3759 1257 3827 nutrix

156 3847 274 3928 Fulget
288 3849 489 3915 resurrectio.
829 3851 964 3918 Placann
979 3849 1140 3917 Christum
1153 3845 1334 3912 Dominum.

169 3951 264 4010 Τοῖσι.
301 3955 380 4012 Text.
399 3971 458 4026 seq.

97 2800 128 2861 2.
155 2795 278 2876 Gaude,
293 2811 386 2876 reges
400 2794 484 2861 dona
497 2793 605 2862 ierunt

155 2880 252 2958 Nato,
265 2897 360 2962 quem
374 2878 590 2946 adoraverunt

154 2965 193 3029 In
207 2969 352 3029 materno
367 2965 505 3046 gremio:

157 3047 279 3128 Gaude,
294 3047 380 3129 quod
395 3053 443 3114 est
456 3053 667 3131 praenotatus

155 3131 245 3197 Felix
259 3136 335 3197 tuns
349 3136 445 3198 natus

155 3215 250 3298 Legis
264 3215 458 3282 testimonio.

651 4187 850 4198 ——---—.....

315 4349 385 4412 243.
428 4345 481 4414 De
493 4355 609 4430 septem
620 4351 752 4434 pcadiis
766 4351 873 4418 beatae
888 4351 1021 4420 Marica
1034 4352 1178 4436 supinis.

100 4486 128 4544 l.
156 4479 269 4546 Gaude
283 4481 383 4562 virgo,
397 4488 501 4550 mater
515 4483 643 4568 Christi,
829 4485 951 4568 Gaude,
967 4489 1132 4568 quiadum
1147 4493 1285 4558 cantasti

156 4561 246 4640 Quae
260 4582 317 4646 per
331 4585 442 4632 aurem
456 4570 629 4651 concepisti
827 4569 1176 4652 Magnificatenuitasti

156 4647 305 4716 Gabnelo
318 4651 450 4717 nuncio:
813 4653 910 4738 ,Miro
925 4655 1030 4723 cordis
1045 4658 1172 4738 gaudio.
