3240 5224
193 477 246 549 (Β).
274 507 308 518 -
332 475 1017 548 11155111555511501(0),155551.1510(1)).
1054 505 1089 520 ·-
1123 476 1280 546 1151115111,
1297 479 1359 534 115.
1377 475 1429 530 551
1447 474 1500 531 die

192 553 218 604 1.
236 548 356 617 5155555
382 564 435 603 555
460 549 521 604 dem
543 549 622 607 11155.
650 549 747 606 Pater.
777 551 844 606 1491
872 550 917 618 (E)
945 548 1056 618 5511,
1075 551 1118 606 74.
1137 566 1190 606 555
1208 549 1271 604 dam
1288 547 1355 604 651
1373 548 1400 603 S.
1420 546 1499 602 Gall.

192 622 246 676 546
265 619 421 690 (Β555155).
440 650 474 661 -
494 619 572 676 Secta
590 623 719 675 oachim
737 621 815 677 illisa
835 621 922 677 Basil.
942 623 1011 676 1510
1028 621 1068 675 im
1085 618 1410 692 ,15555555555515555

263 706 290 762 5.
310 706 494 764 55555155.
534 711 557 776 1,
576 711 602 764 2.
621 709 736 764 Achaici
755 709 784 764 0.
803 709 916 777 Achaey
933 708 968 763 D.
980 737 1015 748 —
1027 712 1051 777 1,
1069 711 1094 762 4.
1113 707 1200 762 fallax
1219 707 1292 762 0.-
1304 708 1329 775 1,
1349 707 1374 760 5.
1393 701 1500 760 Arrhi-

193 777 322 848 praeside
341 778 372 832 B.
392 807 426 819 —
445 781 471 846 2,
490 779 515 833 6.
534 779 598 835 Chr.
618 793 684 834 5555
706 780 789 834 151155
807 781 836 835 0.
856 809 889 821 -
909 783 934 848 3,
953 782 978 834 2.
997 779 1029 834 15
1047 779 1082 837 iis
1101 779 1193 834 omnia
1210 779 1240 833 it.
1260 777 1289 834 (l.
1309 805 1340 817 -
1364 779 1390 845 4,
1410 777 1436 830 2.
1455 775 1499 829 vi-

194 849 271 906 cinus
288 849 320 904 B.
340 865 422 918 quam
439 849 524 905 ABD.
544 851 591 918 qui
608 865 667 920 per.
718 865 778 906 ona.
806 881 840 892 -
870 853 895 920 5,
914 855 939 906 3.
958 851 1057 906 Servat
1074 849 1104 904 B.
1133 879 1167 890 -
1194 847 1421 921 5155515511.
1459 875 1498 888 -

194 921 220 990 5,
239 925 263 976 7.
281 921 332 976 551
347 937 404 976 555
421 920 455 976 D.

265 1023 287 1062 5
305 1007 463 1065 11555555.
499 1008 583 1064 Mona
600 1009 651 1064 551
669 1010 715 1065 die
735 1009 941 1079 Ueterachral‘t:
958 1009 1002 1066 lla
1020 1023 1042 1064 5.
1062 1009 1189 1066 Achatio.
1209 1006 1237 1064 5.
1255 1005 1412 1065 5555115.
1431 1007 1498 1062 464.
1608 1045 1609 1048 ,

197 1108 229 1120 -
252 1079 312 1150 Vpl.
330 1080 393 1135 Act
412 1081 505 1137 Sanet.
523 1081 597 1136 15511
615 1081 663 1152 lv,
683 1083 743 1138 177.

469 1382 542 1444 454.
585 1377 627 1444 15
638 1381 726 1464 scoto
747 1381 850 1448 (155555
870 1380 1007 1447 millium
1027 1386 1214 1464 martyram.

199 1518 228 1580 1.
254 1511 443 1579 0555155115
457 1515 610 1594 armonia,
644 1555 645 1558 =

253 1597 280 1663 Ο
296 1615 433 1680 superna
447 1597 626 1664 hierarchia

251 1680 414 1747 Iubilante
427 1681 565 1747 melodia

252 1763 371 1830 Exulta
384 1764 416 1830 in
430 1765 546 1847 gloria:

252 1847 359 1914 Psalle
373 1847 449 1915 Sion
465 1849 549 1914 omui
566 1849 672 1927 laude,

253 1932 335 2010 Quia
350 1933 563 2014 summinio,
579 1933 684 2016 gaude

253 2015 451 2082 Circumleva
463 2019 568 2082 visum
583 2016 700 2100 plaude

253 2101 336 2166 Tota
350 2100 430 2166 coeli
445 2101 543 2166 curia.

199 2181 229 2244 2.
254 2183 372 2250 Omnes
387 2185 443 2249 isti
457 2185 643 2266 5555555511

253 2267 326 2336 1151
339 2275 499 2334 venerunt
512 2268 600 2334 beati

255 2350 385 2418 Summo
399 2369 476 2433 5555
490 2349 669 2416 confirmati

255 2435 398 2502 ostenta
412 2435 559 2502 victoria:

253 2519 312 2586 Isti
327 2519 368 2586 15
381 2519 485 2586 Edam
499 2523 665 2599 venerunt,

255 2603 300 2672 Et
314 2604 354 2672 15
367 2603 473 2670 Β5555
487 2623 523 2671 55
538 2605 703 2670 tinxerunt

257 2688 365 2755 615155
377 2690 412 2755 15
425 2705 508 2772 5555
523 2688 671 2756 laverunt

257 2773 319 2839 Per
334 2773 437 2840 crucis
451 2772 614 2856 martyria.

202 2851 231 2911 3·
257 2857 337 2923 Fide
351 2856 463 2938 fluens,
478 2855 573 2923 corde
586 2853 707 2920 mirans

255 2941 402 3007 Dilatara
416 2939 644 3020 circumgirans

256 3025 301 3090 Et
315 3024 533 3108 contemplans
549 3027 583 3088 et
595 3023 757 3105 respirans

255 3109 434 3191 Martyrum
448 3112 500 3174 tot
512 3107 616 3172 milia:

923 1514 997 1583 Tibi
1010 1513 1108 1581 maris
1122 1511 1305 1592 multitudo,

922 1599 988 1665 Nec
1003 1615 1066 1664 555
1081 1599 1186 1678 gentis
1200 1595 1356 1663 fortitudo

923 1681 1082 1764 Venitque
1096 1681 1264 1747 beatitudo

923 1767 1042 1848 Iungat
1056 1783 1115 1831 nos
1130 1765 1172 1830 ad
1187 1763 1316 1845 gaudia.

869 1853 899 1913 4.
925 1851 1024 1916 Latro
1039 1865 1165 1914 crucem
1178 1847 1337 1928 toleravit,

925 1933 1054 1999 Christo
1068 1937 1228 1998 memento
1243 1930 1402 2022 clamavit,

926 2016 986 2082 Cui
1000 2015 1110 2082 statim
1124 2016 1280 2082 reseravit

925 2099 1082 2182 Paradysi
1096 2100 1193 2166 ostia:

927 2185 980 2250 Sic
996 2184 1145 2250 nimirum
1160 2180 1371 2249 conformavit

926 2269 996 2335 Hos
1011 2268 1071 2335 sibi
1087 2271 1120 2333 et
1133 2265 1286 2332 adunavit

927 2351 1014 2430 Quos
1030 2369 1086 2436 per
1101 2369 1227 2417 crucem
1242 2348 1422 2416 sublevavit

928 2435 979 2502 Ad
991 2433 1075 2502 festa
1089 2433 1273 2518 perhennis.

873 2517 902 2578 5·
928 2519 1058 2586 Summo
1073 2519 1143 2600 regi
1158 2517 1328 2584 convestiti

929 2603 1039 2670 Crucis
1055 2602 1152 2669 armis
1168 2599 1353 2668 communiti

928 2689 1035 2768 Atque
1051 2685 1149 2770 siguis
1163 2685 1308 2767 insigniti

929 2769 1082 2838 Conferre
1093 2769 1251 2836 subsidia:

928 2855 974 2922 Ut
988 2860 1062 2938 post
1076 2871 1203 2921 cursum
1218 2853 1312 2919 huius
1329 2850 1416 2916 vitae

928 2939 1066 3006 Nostrae
1079 2957 1202 3022 poenae
1217 2938 1283 3003 5151
1297 2935 1406 3001 linitae

929 3021 1030 3088 Iudex
1046 3021 1147 3088 dicat:
1170 3021 1319 3087 advehite

928 3106 979 3172 Ad
993 3107 1073 3173 coeli
1087 3107 1221 3190 palacia.

270 3216 407 3274 51551.
443 3215 761 3274 warmacharium.
797 3243 832 3255 -
867 3213 968 3269 Daniel
986 3214 1021 3285 11,
1039 3217 1093 3272 235
1126 3215 1177 3270 551
1195 3215 1240 3270 dia
1258 3217 1276 3270 6
1294 3217 1387 3270 cratae
1404 3210 1505 3270 551155
1608 3255 1609 3270 .

200 3305 253 3346 555
271 3287 425 3345 5551551555
442 3287 520 3344 Mica.

270 3375 296 3431 5.
316 3373 471 3431 11551551.
511 3377 534 3444 1,
552 3375 578 3429 6.
597 3373 674 3430 Lara
691 3372 720 3427 in
738 3371 856 3428 circuitu
874 3371 969 3429 oculos
987 3377 1058 3428 tuos.
1077 3371 1152 3428 isaia
1170 3374 1213 3442 60,
1232 3374 1257 3426 4.

220 3675 291 3738 455.
334 3668 388 3736 Dc
401 3667 546 3736 15115555
558 3667 699 3734 millibus
712 3667 882 3752 55515555.
919 3667 982 3751 (05
996 3685 1022 3735 s.
1042 3666 1163 3735 Ursule
1177 3673 1211 3734 51
1223 3667 1372 3735 sociabus
1387 3665 1481 3748 eius.)
1608 3761 1609 3776 χ

223 3820 249 3881 l.
271 3811 496 3880 1555515055
511 3809 655 3878 laudatio
671 3809 963 3878 511151155555115
979 3815 1174 3889 consecrata,

222 3904 249 3964 2.
274 3898 362 3976 Quos
377 3895 557 3962 coronatio
572 3894 668 3961 coelis
683 3895 804 3962 honore
818 3894 968 3976 51515515

223 3987 252 4047 3.
275 3981 445 4063 virgiuum
459 3997 608 4062 sponsus,
623 3978 678 4062 qui
693 3979 838 4062 pascitur
852 3979 937 4044 inter
952 3977 1020 4044 lilia

221 4071 251 4132 4.
274 4065 417 4143 Quarum
432 4064 557 4130 coronis
573 4070 705 4130 ornatur
718 4069 821 4130 mater
836 4061 980 4143 55515515,

221 4153 250 4214 5.
273 4149 415 4226 Quarum
430 4148 600 4230 triumphis
615 4149 738 4214 exultat
753 4147 913 4213 coelorum
927 4145 1026 4212 curia.

222 4237 251 4297 6.
272 4233 472 4313 Bostarem,
488 4251 572 4314 5555
586 4237 636 4298 151
651 4232 770 4298 5155155
784 4230 924 4319 virgines
938 4228 1112 4312 protulisti,
1130 4227 1308 4294 Britannia.

222 4321 251 4384 7.
273 4317 375 4382 Beata
389 4315 490 4398 51555,
505 4333 588 4397 5555
602 4319 779 4400 purpurata
793 4331 828 4381 es
843 4332 952 4380 aarum
968 4320 1091 4391 515555,
1106 4311 1247 4380 Colonia.

221 4405 251 4464 8.
274 4399 356 4466 Nam
370 4401 437 4466 Deo
453 4400 570 4466 devota
583 4398 669 4466 beati
684 4399 843 4464 exercitus
858 4399 971 4479 regina
987 4394 1106 4464 Ursula

222 4488 251 4548 9.
273 4483 323 4550 Ex
338 4483 433 4550 dictis
448 4485 518 4548 erat
532 4481 684 4562 angelicis
698 4483 845 4565 martyrii
858 4481 1019 4564 virginum
1034 4479 1186 4564 praescia.

201 4573 252 4634 10.
274 4567 367 4648 Quod
382 4567 457 4633 dum
472 4571 666 4647 cognoscunt
676 4583 786 4633 sacrae
797 4567 947 4648 virgines,
963 4564 1080 4647 gaudio
1092 4563 1244 4645 5551551,
1260 4561 1398 4630 fundunt
1409 4559 1505 4626 lacri-

349 4669 430 4735 mas,
445 4651 592 4734 5155551,
607 4650 790 4719 5511551551
804 4650 909 4716 Deum
922 4648 1036 4716 humili
1049 4647 1154 4731 55515,
1168 4665 1246 4715 roca
1261 4647 1330 4732 pia:
