3240 5224
680 306 909 372 ..347-

220 502 244 541 e,
262 483 416 540 Bemerlr.
452 485 539 542 Extat
565 493 663 544 cantus
690 489 719 544 in
746 487 843 546 officiis
866 489 985 545 vetustis
1009 485 1145 544 eeclesiae
1163 485 1327 557 Mindeneia
1346 487 1450 545 hierna·

149 557 304 627 burgensis,
323 557 504 626 pitaviensis,
523 559 705 630 aliarumque,
731 575 812 628 quem
831 575 848 615 a
866 560 945 615 nobie
972 576 1029 615 non
1047 565 1163 630 propter
1182 559 1348 627 elegantiam
1367 565 1451 628 atque

150 631 324 697 renuentem,
350 629 398 686 sed
427 629 461 684 ob
487 630 657 698 rhythmicas
676 631 800 688 rationes
819 637 961 700 receptum
980 646 1050 700 esee,
1069 645 1152 702 spero
1168 629 1228 684 iore
1247 637 1278 684 ut
1295 645 1375 702 nemo
1395 647 1451 687 non

149 701 251 756 videat.
287 701 398 755 Etenim
417 702 440 756 si
460 707 615 768 spectamus
634 717 731 757 vocum
750 703 914 768 barbariem,
933 715 1087 758 sermonem
1106 715 1222 771 prorsus
1241 701 1411 756 inconditum
1423 709 1451 757 et

149 773 322 829 salebrosum
341 773 385 826 vix
404 773 515 828 memini
532 787 576 828 me
594 789 715 842 unquam
734 773 836 844 legisse
855 775 971 829 Prosam
989 773 1076 844 magia
1095 773 1309 842 genuinaatque
1328 771 1451 828 infucata

148 845 228 913 poeei
246 843 372 898 alienam.
410 843 448 898 Ut
474 848 615 900 mittamus
642 847 785 915 stropham
808 847 925 915 primam
944 853 973 900 et
990 845 1115 900 ultimam
1134 844 1216 912 (quae
1235 851 1267 898 ut
1285 857 1368 914 saepe
1386 860 1450 912 pro·

148 915 203 983 prii
221 921 286 970 sunt
303 915 435 983 rhythmi)
456 916 580 971 eontinet
597 915 686 972 Prosa
704 924 810 986 septem
828 917 909 986 paria
928 917 1125 986 stropharum:
1144 917 1172 986 a)
1191 915 1284 970 11.111.
1299 915 1450 984 syllohssli.

148 985 178 1055 b)
197 985 244 1040 IV.
263 985 297 1042 V.
317 986 413 1054 syllab.
433 989 475 1042 32.
502 987 526 1056 c)
553 985 600 1041 Vl.
619 987 681 1044 Vll.
701 987 797 1058 syllab.
817 991 859 1043 35.
887 986 1264 1114 111111113311111169.
1293 988 1320 1056 e)
1348 985 1382 1042 X.
1401 987 1449 1042 XI.

149 1058 248 1128 apllah.
267 1060 310 1113 49.
330 1057 351 1127 0
370 1057 431 1111 Xll.
452 1057 527 1113 xm.
546 1057 644 1127 syllab.
664 1063 707 1114 21.
727 1061 756 1130 g)
775 1059 849 1115 XIV.
867 1061 893 1115 X
921 1100 927 1112 .
947 1060 1045 1130 syllab.
1056 1061 1099 1114 22.
1119 1057 1263 1114 heeeduut
1281 1066 1451 1128 apruntinum

149 1129 323 1198 creberrima,
343 1129 442 1197 quibus
460 1129 496 1184 ad
514 1129 635 1185 taedium
655 1146 742 1200 usque
759 1131 829 1187 ludit
846 1137 937 1202 poeta.
956 1129 1095 1186 Daniel.
1115 1159 1149 1172 —
1171 1129 1259 1184 Ueber
1277 1129 1330 1184 dee
1341 1127 1450 1202 Repet-

148 1199 252 1256 m'eelte
269 1205 319 1256 ete.
338 1201 446 1268 eplicit
464 1200 584 1257 Bartsch
602 1199 629 1256 S.
652 1205 712 1258 109.
732 1205 793 1256 125.

697 1385 886 1394 ——-———-.--

505 1534 577 1598 498.
620 1529 671 1596 De
692 1549 718 1596 s.
740 1529 879 1596 Antonio
899 1529 938 1594 de
959 1527 1087 1596 Pedem.

285 1645 365 1716 (lieo.
385 1648 455 1702 1195
474 1663 511 1702 aa
529 1645 681 1716 lassabor,
698 1653 767 1720 pest.
786 1651 829 1704 13.
848 1647 920 1704 Jum'
937 1649 1017 1718 1231,
1036 1647 1147 1702 oereltrt
1164 1649 1207 1701 13.
1226 1645 1319 1718 ἱππί.)

154 1775 181 1834 1.
206 1767 389 1834 Hodiernus
404 1767 458 1832 lux
474 1767 537 1833 diei
823 1773 852 1834 4.
877 1767 965 1834 Fusa
979 1769 1076 1834 eorda
1090 1771 1294 1850 peecatorum

206 1850 349 1918 Celebris
364 1852 397 1916 in
412 1853 472 1917 viri
485 1851 545 1916 Dei
878 1851 1348 1919 Duranimissuntverborum

206 1936 321 2016 Agitur
336 1937 505 2004 memoria:
879 1936 985 2001 Huius
1000 1937 1103 2002 saneti
1118 1936 1242 2019 pluvie:

205 2020 420 2086 Deeautemus
457 2020 538 2086 atris
554 2021 656 2086 saneti
878 2019 989 2086 Floret
1002 2019 1218 2104 Hispanorum
1234 2019 1356 2096 hortus,

206 2040 538 2186 Etprueeonishuius
554 2105 638 2170 tanti
878 2103 1365 2186 Inquolonshortorumortue

205 2187 333 2254 Laudes
349 2195 381 2254 et
395 2187 574 2270 praeconia.
878 2187 945 2269 Est,
961 2188 1018 2270 qui
1031 2187 1118 2270 rigat
1131 2188 1227 2254 invia.

150 2271 180 2332 2.
207 2271 317 2339 Omnis
333 2272 426 2338 homo
440 2277 484 2352 te,
499 2273 629 2352 Antoni,
823 2271 851 2332 5.
878 2270 980 2352 Salve,
997 2271 1104 2338 lumen
1118 2271 1258 2338 reddens
1272 2272 1385 2354 caecis,

205 2355 356 2422 Laudans
371 2374 446 2422 voce
459 2355 505 2439 pii
521 2355 603 2432 soni,
877 2355 1175 2422 Nobishiciuluto
1194 2355 1282 2436 fecis,

205 2441 314 2507 Poscit
329 2441 519 2524 patrocinia:
877 2440 1022 2524 Desuper
1035 2439 1170 2506 irradia:

206 2524 324 2604 Psalle,
341 2525 647 2608 psallementetota
878 2523 1091 2608 Piacapreee,
1108 2523 1269 2602 oritoni,

205 2609 605 2690 Paduaneplebsdevota,
876 2605 1012 2674 Matrem
1027 2607 1151 2674 dulcem
1167 2609 1282 2674 summi
1297 2607 1382 2688 boni,

206 2692 548 2776 Tautaplenagratia
878 2689 924 2758 Ut
937 2693 980 2758 sit
994 2693 1086 2759 nobis
1103 2693 1206 2759 obvia.

151 2772 181 2832 3-
205 2777 273 2842 Ave
289 2783 381 2858 pater
395 2777 466 2843 labe
481 2793 603 2850 carens,
822 2771 851 2833 6·
876 2775 939 2842 Per
954 2781 987 2842 te
1002 2777 1118 2854 claudi,
1134 2774 1234 2856 surdi,
1249 2777 1331 2842 muti

206 2860 253 2926 Te
268 2859 309 2926 ad
325 2861 428 2928 coelos
443 2861 544 2927 traxit
557 2865 660 2942 pater,
876 2858 959 2927 Sunt
973 2860 1070 2927 saluti
1084 2860 1237 2939 restituti,

207 2943 375 3010 Homeris
391 2945 515 3012 nescia:
877 2943 1003 3011 Christo
1017 2945 1088 3010 laus
1103 2950 1136 3010 et
1151 2945 1269 3026 gloria:

203 3027 440 3095 Foeeundutam
457 3027 597 3094 dilexisti
876 3029 978 3108 lesus,
994 3047 1089 3110 quem
1103 3027 1137 3094 in
1151 3035 1184 3094 te
1198 3028 1378 3110 laudamus,

203 3111 378 3195 Virginem,
393 3130 474 3193 quae
488 3113 563 3178 Iesu
578 3109 698 3178 christi
876 3111 1186 3194 Nobisdonetquae
1202 3118 1360 3196 optamus,

204 3197 309 3264 Mater
324 3203 375 3263 est
390 3204 423 3263 et
437 3195 511 3261 lilia.
556 3195 560 3202 '
877 3197 979 3262 nmen
994 3195 1103 3263 ditant
1117 3197 1233 3262 omnia.
1458 3267 1461 3272 ,

218 3323 243 3362 a.
264 3305 357 3360 Text.
394 3303 485 3360 Merel
502 3304 554 3361 No.
574 3306 634 3360 311.
653 3304 681 3360 S.
701 3308 762 3360 199.
781 3319 849 3358 etse:
867 3303 919 3359 He.
938 3319 975 3358 su
993 3301 1145 3360 saeuum
1153 3305 1270 3362 rieule
1288 3303 1448 3376 (Brander),

147 3375 195 3434 Bl.
213 3381 274 3434 331.
295 3407 329 3428 ψ-
347 3376 448 3432 Daniel
465 3375 499 3444 V,
520 3377 571 3432 169
589 3377 640 3432 leel
658 3377 704 3432 die
722 3379 747 3430 1.
766 3374 823 3431 Str.
842 3392 895 3432 ates
914 3375 1006 3431 dieser
1023 3374 1087 3444 Ha,
1106 3377 1156 3432 leot
1174 3377 1241 3432 aber
1261 3379 1285 3444 1,
1303 3379 1330 3431 4.
1348 3374 1446 3432 ‹letan-

148 3457 243 3506 tentur
260 3449 320 3505 end
340 3453 363 3518 1,
382 3451 407 3502 5.
426 3448 578 3518 praeconia
594 3447 654 3504 uod
671 3447 717 3504 die
738 3447 942 3518 Uebereeltre'st:
961 3447 1003 3503 De
1022 3467 1044 3506 s.
1063 3447 1184 3504 Antonio
1204 3447 1328 3504 eremita.

217 3539 242 3594 b.
262 3537 413 3593 Bemerlc.
450 3534 525 3591 Eine
542 3533 748 3606 Nmtatmunp
765 3552 821 3591 oon
838 3535 890 3593 llo.
909 3538 970 3590 202.

704 3763 902 3772 ..m-.-

493 3949 566 4012 499.
609 3945 661 4012 De
681 3965 707 4010 s.
730 3943 889 4012 Anthemio
911 3941 949 4008 de
969 3941 1099 4008 Polluce.

150 4087 178 4146 l.
204 4077 498 4146 InFroueiaeifilio
821 4084 850 4146 2.
875 4073 1286 4172 Fonsparmsinfluvium

203 4161 342 4230 Resonet
357 4164 519 4230 Anthonio
876 4160 994 4241 Crevit,
1011 4159 1087 4226 (lum
1101 4159 1296 4226 Anthemum

202 4247 301 4314 Pleno
315 4247 431 4314 mentis
445 4246 562 4330 gaudio
875 4245 1026 4311 Fratrum
1040 4241 1163 4326 profert
1179 4243 1305 4310 radium

203 4331 456 4398 Lausiocunda:
875 4327 945 4395 Lux
959 4329 1133 4394 minorum:

203 4415 320 4482 Fervet
334 4416 461 4483 devotio
875 4412 992 4480 Fervet
1006 4411 1047 4480 ad
1061 4414 1260 4496 martyrium,

204 4499 283 4567 Eius
299 4500 486 4583 patrocinio,
876 4497 960 4562 Dum
979 4497 1065 4580 apud
1080 4497 1296 4563 Mamoehium

202 4584 286 4650 Dum
302 4584 412 4667 psallit
426 4583 505 4651 haee
524 4582 632 4650 contio
876 4579 994 4648 Necem
1009 4581 1070 4648 seit
1084 4581 1258 4650 insontium

204 4666 425 4736 Latmiunda
877 4662 1099 4732 cordatorum.
