3234 5246
734 241 777 258 -
820 209 965 274 352-

605 393 677 456 505.
720 389 772 458 De
792 394 901 458 saneto
923 389 1113 475 Aapastr'ao.

227 533 254 594 l.
277 523 423 592 Laudent
437 529 469 590 te
485 523 692 608 confessores,
714 525 858 607 Domine,
882 543 1016 610 quorum
1035 531 1072 592 ut
1093 527 1257 592 doetrinae
1274 526 1320 590 sic
1334 525 1440 592 socias
1456 530 1513 592 est

358 615 391 675 et
406 609 527 690 gloriae
543 628 634 676 sacer
647 610 859 692 Augustinus,
874 610 956 678 testo
970 611 1061 676 euius
1076 611 1136 678 tibi
1150 610 1326 694 psallimus,

225 699 255 758 2.
277 695 392 760 Merito
407 711 501 776 quem
515 695 646 762 veniens
659 695 818 760 inveneris
833 713 895 759 non
912 695 1127 774 dormientem,
1146 693 1201 760 sed
1217 697 1454 776 exspectantem

225 789 252 848 3.
276 779 446 845 Dominum
462 783 504 858 te,
521 779 627 845 dubiis
642 797 705 845 non
721 780 853 846 dubium
868 779 901 842 in
916 779 1043 859 vigiliis,
1060 777 1205 842 omnibus
1220 779 1318 857 horis,

223 869 254 928 4.
277 863 451 929 Occurrere
473 869 636 946 paratum,
663 881 735 929 cum
755 864 843 938 lucro
857 867 1075 945 reportantem
1089 861 1150 944 sibi
1164 863 1321 926 creditum
1336 859 1508 927 talentum.

224 951 253 1012 5.
275 947 336 1012 llic
351 964 464 1013 servus
478 951 529 1013 est
542 948 657 1027 tidelis,
673 949 829 1014 servando
844 965 927 1028 quae
941 946 1059 1012 dedisti
1073 951 1107 1011 et
1122 945 1261 1028 prudens
1277 944 1508 1027 dispensando.

224 1036 253 1097 6.
276 1031 432 1098 Omnibus
448 1032 555 1097 omnia
569 1031 672 1098 taetris
688 1036 724 1097 ut
738 1031 911 1114 apostolus
933 1031 1078 1097 nutriens
1093 1037 1220 1095 teneros
1234 1030 1325 1110 laete,
1342 1029 1414 1094 elbo
1429 1030 1506 1094 soli-

353 1117 419 1196 dos,
441 1113 581 1182 familiae
596 1116 716 1182 domini
729 1114 871 1198 praefuit
885 1119 922 1180 ut
936 1115 1090 1195 minister,
1113 1115 1314 1180 commissam
1337 1113 1454 1180 fovens
1471 1119 1504 1178 ut

225 1287 253 1348 7.
276 1203 512 1350 Nonliautdire’ans
533 1282 694 1350 dominum
715 1302 750 1349 se
770 1281 838 1348 fore
861 1283 1095 1363 subiectorum,
1122 1282 1177 1347 sed
1202 1300 1331 1347 servum
1352 1281 1414 1347 Dei
1438 1299 1507 1346 ser·

223 1455 252 1518 8.
276 1387 474 1518 Nondgirilgd'
484 1452 645 1519 subiectus
666 1451 836 1520 haereticis
851 1469 889 1518 aa
904 1452 1060 1535 perversis
1075 1451 1299 1534 impugnantes
1316 1467 1506 1532 expugnans

350 1536 445 1618 iuste,
462 1535 616 1602 damnans
632 1543 689 1604 ant
704 1537 876 1618 corrigens.

224 1624 254 1684 9.
277 1619 338 1685 Hie
352 1620 427 1718 Deo
437 1619 580 1703 dilectus,
604 1622 644 1687 ab
665 1621 844 1688 bominibus
860 1620 988 1700 electus,
1011 1619 1100 1685 euius
1124 1619 1277 1685 memoria
1294 1621 1344 1683 est
1358 1617 1392 1682 in
1409 1619 1506 1684 bene-

204 1793 252 1856 10.
274 1704 616 1888 Querilrlffttrlffi'ontilex
631 1807 783 1871 summus,
810 1787 993 1873 pontificem
1010 1787 1145 1854 collocas
1158 1787 1192 1854 in
1207 1788 1295 1853 coelo
1310 1803 1383 1852 eum
1398 1785 1505 1868 ponti·

204 1962 252 2022 11.
275 1872 500 2040 Supefirmofflrsria
512 1959 605 2040 bona,
621 1976 703 2040 quae
717 1957 863 2040 possides
879 1957 1014 2035 domine,
1030 1961 1193 2040 potentem
1208 1956 1241 2022 in
1256 1974 1354 2038 regno
1369 1955 1504 2038 gloriae,

204 2046 252 2108 12.
274 2040 339 2107 Ubi
353 2061 429 2108 vera
443 2042 562 2124 gaudia
576 2043 645 2109 sine
660 2041 722 2108 fine
737 2046 813 2108 sunt
828 2041 1058 2124 permanentia,

203 2131 251 2191 13.
274 2126 336 2192 Pro
350 2127 468 2208 quibus
483 2128 665 2209 praesentia
680 2127 801 2210 sprevit
814 2125 934 2206 gaudia
950 2125 1146 2192 transitorie.

203 2213 251 2274 14.
274 2209 336 2274 Hic
351 2209 419 2278 sole
433 2228 528 2277 earne
543 2211 666 2294 positus
681 2211 723 2278 ad
738 2215 770 2276 te
785 2217 854 2276 toto
867 2215 996 2292 peetore
1012 2227 1197 2293 suspensus,

203 2297 251 2358 15.
274 2294 442 2376 castigans
455 2311 510 2360 cor
533 2312 581 2376 us,
597 2295 724 2362 extendi
740 2300 865 2360 certans
879 2297 912 2360 in
928 2293 1111 2360 libertatem
1126 2293 1270 2376 spiritus.

203 2381 251 2442 16.
274 2377 372 2527 (prod1
392 2379 484 2528 nllrllssiis
508 2315 560 2444 flio
584 2378 733 2446 deserens
757 2383 900 2444 resumet
927 2397 1099 2460 resurgens
1120 2377 1153 2444 in
1174 2379 1226 2442 die
1247 2375 1357 2442 iadieii
1380 2393 1501 2441 torona

203 2551 252 2610 17.
274 2545 324 2611 Ad
338 2481 434 2630 quldldn
449 2513 507 2613 nos
522 2551 567 2622 tu,
582 2545 718 2629 Christe,
735 2563 900 2630 praepara,
919 2547 970 2613 eui
985 2547 1088 2629 gloria
1102 2548 1145 2614 sit
1160 2551 1300 2614 aeterna.

272 2653 368 2711 Text.
404 2655 496 2712 Metel
522 2656 575 2711 No.
595 2657 655 2710 346.
683 2656 712 2712 S.
730 2659 792 2710 201.
820 2673 889 2710 aaa:
915 2655 967 2712 Hs.
992 2671 1047 2711 oon
1071 2655 1205 2712 Rbea'aau
1230 2655 1282 2711 No.
1301 2655 1345 2709 55.
1372 2652 1503 2706 Bl.138.

200 2729 244 2852 ff.
262 2725 363 2852 ellodrlt.
400 2728 505 2799 „Diese
532 2728 656 2798 &queas
681 2729 789 2784 rebant
815 2729 892 2782 einer
919 2729 1011 2783 dltarrr
1029 2727 1153 2784 Melodie
1177 2731 1329 2798 arrpepasst
1356 2741 1393 2780 aa
1410 2725 1503 2780 δαίνυ’

233 2814 280 2854 ore
294 2839 301 2854 .

752 2959 949 2968 ...--..--————

643 3117 714 3180 506.
758 3117 809 3184 De
828 3135 853 3183 s.
877 3113 1067 3198 Adpastr'ao.

205 3252 232 3312 1.
257 3245 306 3310 De
321 3244 488 3328 profundis
503 3247 709 3314 tenebrarum
932 3247 1132 3316 Obtumeseit
1146 3247 1352 3324 Fortunatas,

257 3329 379 3396 Mundo
395 3329 718 3399 lumenexitrlarum
932 3332 1059 3399 Cedunt
1073 3333 1186 3398 Manes
1203 3337 1235 3396 et
1250 3329 1395 3396 Donatus

255 3415 300 3479 Et
314 3413 468 3479 scintillat
483 3413 595 3482 hodie:
930 3417 1053 3484 Tantae
1068 3416 1149 3482 lueis
1164 3416 1265 3482 radio.

258 3497 341 3564 Olim
356 3498 486 3581 quidem
501 3519 558 3566 aas
573 3501 701 3583 erroris,

257 3583 457 3665 Augustinus
472 3601 528 3650 vas
543 3584 673 3651 honoris
875 3590 905 3651 4.
929 3585 1067 3651 Mundus
1081 3601 1226 3650 marcens
1240 3585 1274 3647 ot
1287 3581 1390 3648 inanis

256 3665 603 3735 Datusesteeolesiae.
931 3669 974 3734 Et
989 3669 1142 3734 doctrinis
1156 3669 1269 3733 doetus
1284 3665 1373 3732 vanis

930 3753 992 3819 Per
1006 3759 1131 3836 pestem
1147 3751 1357 3816 haereticam:

201 3839 229 3900 2.
256 3834 364 3901 Verbo
378 3835 439 3902 Dei
454 3835 529 3902 dum
544 3835 663 3916 obedit,
930 3838 1069 3904 Multum
1084 3835 1190 3918 eoepit
1203 3835 1341 3900 tructam
1355 3831 1449 3916 ieme,

257 3919 678 3988 Crediterransetaccedit
931 3919 1378 3987 Duminlinesorbisterrae

257 4005 308 4070 Ad
323 4005 475 4087 baptismi
491 4006 645 4088 gratiam:
929 4005 1041 4072 Fidem
1055 4005 1173 4088 sparsit
1186 4005 1322 4070 arnioam.

257 4087 360 4164 Quam
374 4088 407 4153 in
422 4089 535 4171 primis
550 4089 711 4169 tuebatur,

257 4169 383 4250 Verbis,
399 4173 527 4256 seriptis
544 4181 711 4240 execratur
874 4179 903 4240 5.
929 4173 1094 4240 Gleriealis
1109 4173 1194 4240 vitae
1209 4171 1342 4238 formam

256 4253 570 4324 Errorislallaciam.
929 4257 1169 4341 conquadravit
1182 4258 1272 4323 iuxta
1287 4273 1430 4321 normam

930 4343 1047 4409 Coetus
1061 4341 1244 4426 apostolici:

202 4428 231 4490 3.
257 4423 404 4489 Firmano
417 4422 522 4506 fidem,
538 4424 679 4492 formans
690 4435 805 4504 mores,
930 4425 987 4494 Sui
1001 4429 1118 4510 quippe
1133 4427 1178 4492 nil
1192 4425 1353 4491 habebant

256 4507 352 4589 Legis
367 4525 478 4576 sacrae
492 4527 696 4592 perversores
930 4511 1094 4592 Tanquam
1109 4529 1211 4586 suum,
1237 4510 1293 4575 sed
1314 4507 1498 4576 dividebant

256 4593 357 4660 Verbi
372 4597 465 4661 neeat
478 4594 603 4678 gladio:
929 4595 1148 4663 incommune
1162 4593 1278 4662 elerici.
