3234 5246
690 264 729 278 -
772 235 919 298 420-

175 415 205 476 4.
228 411 271 476 Hi
284 411 430 478 ferebant
444 413 530 480 trina
544 412 637 496 dona,
652 431 711 496 per
724 431 807 496 quaa
822 415 919 482 datur
933 414 1007 481 huic
1021 433 1138 482 corona
1258 411 1262 419 ’

228 495 345 560 Trinae
359 497 430 562 viae
444 503 532 563 recto
546 498 628 578 peda
643 499 697 580 qui
711 501 867 580 probatur
880 500 1046 566 institisse.

177 581 206 644 5.
231 581 336 646 Arbor
350 579 436 646 dicta
451 581 619 647 benedicta
634 583 803 650 salvatoris
817 583 976 664 passione,

228 663 363 730 Nostrae
378 681 504 746 quoque
518 665 650 730 umbras
664 665 759 748 logne
775 666 865 732 dedit
878 669 988 748 procul
1003 685 1023 732 a
1037 667 1176 747 regione,

179 749 207 812 6.
229 747 330 814 Nobis
345 747 430 813 viros
444 754 511 813 tres
526 748 691 829 mittendo,
707 751 860 816 trinitatis
874 750 928 831 qui
942 749 1082 818 docendo

229 832 347 896 Veram
361 830 455 896 tidem
471 832 698 912 instaurarent,

228 914 271 980 Et
286 915 405 980 erroris
419 917 573 981 caecitate
587 918 672 984 ricta
685 917 764 984 lucis
780 915 925 984 claritate

229 999 406 1064 Veritatem
420 1001 671 1081 comprobarent.

178 1085 207 1145 7.
229 1081 321 1148 Servi
337 1081 455 1149 Christi
469 1089 543 1149 sunt
557 1088 622 1151 tres
635 1085 707 1152 isti:
730 1084 904 1152 Golonatus
920 1091 953 1152 et
967 1083 1154 1152 Thotnanus

228 1165 271 1230 Et
284 1166 569 1233 beatusllilianus.

229 1249 323 1315 Salve
337 1270 414 1318 vera
428 1269 499 1333 spes
515 1251 647 1332 sincera,
663 1251 818 1320 trinitatis
833 1253 891 1318 sub
909 1251 1012 1334 ligura

229 1335 338 1400 Nostri
353 1341 419 1401 tam
434 1353 584 1418 expressa
599 1337 685 1400 curt.

177 1433 206 1493 8.
229 1417 314 1484 Ourh
329 1420 458 1501 quidem
472 1419 627 1486 bonitatis
642 1423 675 1486 et
689 1419 815 1485 divinae
829 1420 957 1503 pietatis

229 1505 268 1568 In
282 1504 447 1569 mittendis
460 1503 565 1570 tribus
580 1503 657 1569 viris
672 1504 714 1570 ad
728 1521 788 1570 nos
803 1501 962 1584 exhibitd;

232 1587 320 1652 Odor
334 1605 469 1668 quorum
483 1604 555 1652 cum
570 1587 714 1653 doctrina
731 1593 797 1654 tam
813 1593 936 1654 remota
950 1605 1044 1668 quarn
1059 1586 1164 1654 vicina

229 1672 345 1753 Replet
359 1671 429 1737 loca
443 1675 475 1738 et
490 1671 597 1738 divina
615 1691 673 1754 ope
688 1672 842 1738 adbibita.

179 1765 208 1825 9.
230 1755 340 1822 Laude
355 1755 453 1837 digna
466 1759 659 1821 venerantur
673 1763 706 1822 et
721 1773 829 1822 eorum
846 1756 1048 1822 celebrantur

231 1841 341 1920 Gesta,
356 1839 440 1906 festa
454 1840 585 1906 orientis
599 1840 632 1905 in
646 1840 791 1921 Francia,

230 1924 334 1990 Aucta
346 1941 481 2006 quorum
498 1943 536 1988 ex
551 1921 661 1990 lavore
676 1929 726 1992 est
739 1923 903 2008 praecelsa
917 1927 951 1988 et
964 1923 1084 1989 honore

229 2007 413 2089 Herbipolis
428 2008 541 2074 civitas
555 2027 639 2074 nuuc
653 2007 778 2074 eximia.

158 2101 206 2162 10.
229 2090 401 2172 Sanguinis
416 2091 569 2158 effusione
585 2098 618 2158 et
632 2093 691 2158 hoc
706 2093 776 2158 loco
791 2091 976 2174 sepulturae

227 2175 349 2240 Horum
365 2181 414 2240 est
428 2173 552 2240 famosa
566 2181 600 2240 et
615 2177 774 2242 decorata.

228 2258 477 2339 Triumphantes
491 2277 568 2338 ergo
583 2262 667 2326 viros
683 2261 853 2326 sanctitate
867 2259 925 2325 hos
941 2263 1008 2326 tres
1024 2259 1122 2324 miros

228 2341 317 2407 Haec
332 2346 364 2407 et
378 2347 448 2408 tota
462 2342 583 2408 recolat
597 2345 738 2409 ecclesia.

158 2434 206 2494 11.
228 2425 288 2492 Isti
303 2427 434 2492 enimin
449 2444 551 2508 agone
567 2445 624 2509 spe
639 2427 793 2494 mercedis
808 2433 842 2494 et
856 2445 992 2494 coronae

228 2509 414 2576 Servieruut
430 2511 577 2589 trinitati,

229 2594 287 2658 Cui
302 2598 336 2659 et
349 2612 408 2660 nos
424 2593 600 2676 serviendo,
614 2596 737 2676 laudes,
752 2613 863 2680 preces
879 2594 1067 2662 effundendo

229 2678 308 2744 Eius
323 2678 423 2744 mirae
438 2679 576 2746 bonitati

158 2767 205 2828 12.
229 2763 404 2828 Exoremus
420 2763 512 2829 donis
526 2764 604 2842 eius,
619 2781 678 2828 nos
693 2769 758 2829 tam
774 2763 866 2830 bonis
880 2763 931 2828 his
944 2762 1088 2845 patronis

228 2845 394 2926 Conbeari,
409 2847 523 2914 sociari
537 2847 571 2912 in
585 2851 718 2914 aeterna
731 2848 852 2928 requie.

225 2970 251 3009 a.
270 2954 362 3010 Text.
398 2955 483 3010 Mona
501 2955 554 3010 No.
575 2957 643 3011 1015
663 2955 698 3024 (3,
718 2957 780 3025 381)
800 2971 865 3010 aas:
884 2954 937 3009 Ha
957 2971 993 3008 aa
1006 2953 1174 3025 Ws'trsharg,
1192 2953 1250 3022 Mp.
1269 2953 1308 3007 th.
1327 2952 1452 3006 1012102.

153 3024 426 3097 camararum).
463 3027 558 3095 Gropp
578 3027 671 3096 script.
690 3028 863 3095 wirceburg.
881 3031 907 3095 2,
926 3028 980 3080 890
999 3026 1051 3095 (Β).
1088 3056 1122 3066 -
1158 3023 1259 3080 Daniel
1278 3023 1314 3094 11,
1336 3026 1371 3079 89
1381 3029 1453 3079 aetat

154 3097 200 3151 dia
218 3095 342 3164 Sequens
358 3098 405 3152 ina
423 3101 538 3152 12-13.
557 3097 657 3152 Jahrb.
677 3099 725 3169 (G).
762 3099 824 3153 Act.
844 3099 936 3152 Sanct.
954 3097 1005 3152 Iul.
1024 3099 1102 3152 Tom.
1116 3097 1150 3151 ll.
1169 3112 1195 3165 p.
1205 3097 1272 3150 608:
1291 3097 1452 3166 „Erretus-

153 3167 260 3224 tissime
278 3168 395 3238 blissali,
421 3168 494 3238 quod
518 3168 608 3223 forma
631 3170 775 3224 literarum
794 3169 1008 3224 Teutonicarum
1035 3183 1084 3224 scu
1103 3167 1284 3223 Gothicarum
1302 3165 1452 3234 antiquita·

154 3245 210 3293 tem
237 3255 292 3293 non
319 3240 455 3296 modicam
481 3239 606 3296 redolet“
643 3239 698 3309 (D).
736 3271 768 3282 -
804 3240 882 3297 illias.
910 3239 995 3296 Basil.
1024 3239 1167 3309 16101Ε),
1194 3237 1291 3293 Potor.
1312 3239 1379 3293 1491
1399 3237 1451 3308 (F),

151 3309 302 3380 Numburg.
323 3313 392 3366 1617
410 3312 464 3382 (G).

223 3395 249 3450 b.
268 3394 450 3452 Lasortco.
487 3402 513 3464 3,
535 3401 558 3452 1.
578 3399 670 3466 quin.
689 3413 713 3452 c.
731 3397 830 3452 reddat
847 3398 880 3453 Ε.
895 3429 929 3440 -
949 3403 974 3466 3,
993 3403 1018 3452 2.
1037 3398 1151 3454 Thabor
1169 3395 1326 3452 ABDDFG.
1346 3397 1451 3452 Tamen

152 3467 182 3522 G.
201 3467 364 3524 transivisse
383 3468 413 3522 F.
424 3472 494 3539 -4,
515 3473 538 3522 1.
558 3471 613 3523 tria
631 3469 685 3524 ΟΕ.
704 3470 748 3523 bis
759 3485 814 3523 cor.
823 3469 856 3524 Ε.
866 3471 931 3524 hinc
939 3470 998 3525 BD.
1010 3473 1079 3536 -4,
1097 3473 1122 3523 2.
1142 3469 1296 3538 probantur
1306 3468 1415 3534 11.-6,
1426 3471 1449 3520 1.

151 3537 283 3592 salutaris
293 3554 351 3608 pas.
358 3539 390 3594 Ε.
397 3569 429 3580 -
438 3543 463 3609 6,
472 3544 498 3594 2.
509 3555 544 3609 „a
552 3557 610 3609 reg.
619 3541 709 3594 baben
719 3541 780 3610 alle,
791 3557 819 3596 eo
829 3557 893 3611 moy
901 3542 1003 3610 steten,
1010 3540 1280 3609 weanmaaregione
1288 3539 1450 3607 99919699-

151 3609 292 3664 adsiacher
310 3609 366 3664 Art
385 3611 536 3680 drcisylba'y
554 3613 645 3666 11191]ι
663 3610 834 3680 Mona-6,
856 3617 878 3666 1.
897 3613 948 3666 vir.
967 3612 1105 3667 transmit.
1124 3611 1157 3666 Α.
1176 3612 1268 3665 Mona.
1279 3639 1313 3650 -
1326 3613 1351 3676 6,
1370 3612 1396 3664 2.
1415 3609 1449 3664 V.

151 3681 236 3736 vitam
255 3681 289 3734 Α.
317 3710 351 3721 -
379 3682 404 3748 6,
423 3685 449 3735 4.
467 3681 545 3736 verit.
558 3681 633 3750 fehlt
652 3683 680 3738 (7.
708 3711 743 3722 -
771 3687 796 3736 7.
824 3682 882 3737 Dic
899 3681 1072 3751 Schreibaag
1099 3683 1148 3737 der
1166 3679 1276 3736 Numen
1293 3679 1451 3736 34139911.-

151 3752 233 3806 Totn.
253 3751 354 3808 Thotn.
373 3751 428 3806 Kil.
447 3753 510 3822 Kyl.
530 3752 600 3807 Ghil.
619 3783 654 3793 -
673 3756 698 3821 7,
717 3755 742 3807 4.
762 3761 960 3822 expressatura
976 3754 1010 3809 E.
1030 3783 1064 3794 -
1082 3756 1108 3822 9,
1129 3758 1152 3806 1.
1170 3753 1220 3808 eal.
1240 3793 1246 3806 .
1265 3767 1325 3806 van.
1344 3751 1377 3806 Ε.
1414 3781 1450 3792 -

151 3824 177 3892 9,
197 3826 222 3877 2.
241 3823 398 3878 hannonia
417 3823 447 3891 C,
467 3823 513 3878 dic
531 3823 640 3878 cadara
657 3823 786 3879 Francia.
815 3855 848 3864 —
876 3827 902 3894 9,
921 3829 946 3880 3.
965 3825 998 3880 Α.
1022 3841 1130 3893 quoque
1150 3825 1179 3880 G.
1205 3853 1239 3864 -
1265 3827 1306 3892 10,
1326 3827 1349 3878 1.
1371 3835 1449 3892 sang.

150 3909 269 3962 namquo
288 3893 324 3949 ef.
344 3893 451 3963 „bohen
470 3895 533 3961 alla,
551 3910 635 3965 gagen
654 3895 706 3950 dos
729 3895 903 3950 Veramoar.“
929 3896 1022 3951 Mona.
1050 3925 1085 3937 -
1115 3899 1156 3966 10,
1174 3898 1199 3949 2.
1225 3895 1327 3950 decoro
1343 3893 1377 3949 Ε.
1414 3923 1448 3934 -

151 3968 193 4036 12,
214 3969 237 4020 1.
257 3964 331 4020 dona
347 3965 381 4020 Ε.
400 3995 434 4006 -
455 3968 496 4034 12,
514 3969 540 4021 2.
559 3973 588 4020 et
606 3981 662 4021 soc.
685 3965 816 4023 ABODE.

221 4070 244 4107 e.
263 4051 414 4108 chcrle.
451 4053 686 4122 ,2314111139
704 4056 764 4110 sich
782 4055 839 4124 auf
853 4055 1007 4110 Abrohom.
1035 4055 1299 4124 11911.18,2.4.8.
1336 4051 1449 4108 Thabor

149 4124 223 4179 atebt
235 4123 290 4192 sar
309 4123 362 4178 deo
380 4123 511 4192 Himmel,
539 4141 568 4180 cs
594 4127 634 4181 ist
652 4142 669 4181 a
688 4126 883 4193 detrudentes,
912 4127 984 4182 dona
1011 4127 1064 4183 das
1082 4127 1194 4195 Srabjcct
1220 4127 1287 4194 11991
1310 4125 1343 4178 io
1359 4124 1449 4180 virtus

150 4195 196 4250 dei
215 4235 221 4248 .
241 4235 248 4248 .
267 4196 292 4248 4.
312 4197 369 4248 tria
388 4193 460 4250 dona
479 4195 586 4250 artiora
604 4197 705 4252 Daniel
717 4198 772 4266 frtr
790 4198 835 4252 die
853 4199 879 4253 b.
898 4197 1113 4269 Drcicinitha't,
1131 4215 1190 4253 roas
1209 4193 1382 4264 unatatthaft
1400 4196 1448 4249 ist.

149 4265 215 4320 Deo
234 4265 296 4319 circi
313 4266 455 4320 Personae
473 4267 523 4321 der
542 4265 668 4322 Gottber't
687 4269 866 4337 cntsprecbeo
885 4269 930 4323 dic
951 4273 968 4323 3
988 4267 1100 4324 Gabra:
1127 4267 1326 4336 misericordia,
1345 4266 1448 4321 veritas

148 4337 209 4392 aad
226 4337 361 4392 sanctitas
380 4337 448 4391 oder
466 4338 664 4407 sanctificatio,
692 4340 741 4394 der
764 4339 849 4394 Vctcr
866 4340 926 4394 aad
944 4341 993 4395 der
1010 4341 1087 4395 Sota
1105 4341 1215 4394 worm
1233 4338 1277 4407 oft
1295 4343 1377 4393 notar
1395 4337 1449 4391 dea

153 4406 269 4462 Wortea
286 4407 478 4463 misericordia
496 4409 556 4463 aad
573 4411 677 4465 veritas
696 4410 854 4480 anoesithrt.
882 4411 949 4467 Gen.
969 4415 1012 4480 24,
1031 4416 1074 4467 27.
1103 4413 1147 4468 Ps.
1172 4413 1215 4478 88,
1235 4415 1277 4465 60.
1297 4413 1322 4464 3.
1343 4410 1384 4462 15.
1403 4411 1447 4463 26.

149 4482 192 4534 34.
212 4479 257 4536 Ps.
275 4481 319 4549 66,
338 4483 364 4534 4.
385 4481 426 4534 11.
454 4479 499 4532 Ps.
521 4482 581 4547 116,
600 4485 625 4534 2.
653 4481 698 4537 Pe.
717 4485 761 4548 36,
779 4483 805 4536 6.
824 4483 972 4538 boscedera
999 4484 1044 4540 Ps.
1064 4485 1108 4550 84,
1130 4487 1170 4538 11.
1192 4485 1233 4536 12.
1261 4481 1320 4536 Ioh.
1342 4479 1448 4546 1461ι

148 4551 241 4606 Mona.
277 4579 312 4590 -
348 4549 451 4606 Daniel
469 4549 503 4618 V,
522 4553 573 4603 271
601 4552 769 4623 3961411191
787 4557 811 4622 3,
830 4556 855 4606 2.
875 4560 968 4611 tamen
985 4571 1071 4626 yagara
1090 4555 1203 4610 Thabor
1231 4553 1290 4608 aad
1319 4549 1448 4617 oerwirft

148 4623 256 4679 Mone’s
275 4621 442 4692 macorano
460 4621 520 4678 aad
537 4621 610 4678 auch
628 4625 654 4693 4,
675 4627 698 4678 1.
717 4625 792 4679 trina
810 4623 890 4680 dona.

697 4733 897 4744 -u——u
