3266 5222
707 337 750 352 -
793 305 854 370 aar
898 337 936 354 -

519 490 590 553 aes.
632 486 685 554 De
699 489 820 570 poue
841 487 972 555 Martae
992 486 1135 572 lopas.

180 656 207 716 1.
234 651 435 718 Festinamus
451 671 558 721 omnes
573 674 647 720 vere
871 665 901 726 8.
920 657 1052 724 Calvum
1068 658 1174 723 rident
1188 656 1383 739 Helisaeum,

233 736 331 803 Matri
346 736 464 803 Christi
480 738 648 804 condolere
920 743 1170 822 lesumnudum,
1187 742 1306 808 Verum
1320 741 1422 808 Deum

234 821 272 886 ln
288 822 357 887 eius
372 823 542 904 martyrio:
920 826 1102 892 Illudebant
1117 826 1248 892 aemuli:

233 905 430 972 laboremus
445 925 515 971 cum
532 905 666 988 fervore,
919 909 962 975 Et
976 911 1003 976 si
1018 911 1136 976 Natum
1151 909 1373 990 dehonestant,

233 989 276 1055 Et
290 1008 452 1072 speremus
468 1010 538 1057 cunr
557 1011 664 1059 amore
921 995 1109 1060 Dolorosam
1125 993 1369 1060 commolestant

232 1075 270 1140 In
284 1075 352 1140 eius
368 1074 495 1142 anulio.
920 1079 1034 1146 Matris
1049 1082 1187 1144 mentem
1205 1078 1335 1144 stimuli.

177 1156 206 1216 2·
233 1157 449 1224 immolandus
464 1160 548 1227 bona
567 1160 655 1241 serit,
871 1162 900 1227 9,
919 1163 1007 1229 Inter
1022 1162 1108 1228 iures
1122 1162 1305 1244 deputatur,

232 1241 397 1308 Passionis
412 1243 515 1310 locum
529 1248 656 1326 quaerit
919 1248 1009 1312 lesus
1024 1245 1097 1312 felle
1112 1250 1188 1312 tunc
1204 1251 1346 1327 potatur,

233 1326 337 1392 Natus
353 1328 469 1392 Matris
485 1329 641 1411 Virginis:
921 1331 1058 1396 Moritur
1072 1331 1235 1396 innoxius:

233 1408 367 1486 Quarrdo
383 1410 531 1478 Christos
545 1414 737 1492 vinculatur,
918 1415 1106 1493 Lanceatus,
1129 1414 1293 1494 depositus

233 1494 353 1560 Palmis
369 1497 490 1560 strictis
505 1494 695 1578 flagellatur,
919 1499 977 1562 Est
993 1517 1012 1564 a
1027 1517 1120 1563 cruce
1136 1504 1168 1563 et
1184 1497 1340 1579 sepultus,

234 1577 354 1642 Caesus
369 1577 478 1659 flagris
494 1580 647 1662 plurimis.
919 1581 971 1647 Sic
985 1585 1154 1663 torquetur
1168 1581 1277 1646 Filius.

177 1655 207 1716 3·
235 1663 333 1744 Virgo
350 1681 441 1728 suum
455 1665 543 1730 videt
560 1669 669 1730 natum
853 1665 899 1730 10.
920 1666 999 1732 Cum
1014 1667 1093 1731 haec
1108 1665 1195 1731 videt
1209 1665 1313 1729 Mater
1327 1662 1458 1746 Christi,

234 1748 261 1812 A
277 1747 406 1812 ludaeis
422 1767 514 1814 moue
530 1755 657 1832 captum
918 1752 1075 1817 Percussa
1089 1755 1140 1815 est
1154 1749 1248 1832 plaga
1263 1747 1359 1827 tristi,

232 1831 384 1914 Magnum
401 1833 481 1898 dans
497 1837 687 1917 suspirium:
919 1835 1049 1902 stillant
1064 1835 1133 1900 eius
1149 1833 1345 1915 lachrymae:

233 1915 456 1997 Flagellatum,
471 1927 668 2000 coronatum,
920 1920 1108 1986 Polluerunt
1119 1917 1234 1984 Matris
1249 1935 1358 2000 genae,

234 2000 348 2066 Foedis
364 2001 468 2082 sputis
483 2007 698 2083 attrectatum,
919 2003 1061 2070 Turbant
1076 2021 1146 2067 eam
1161 2001 1248 2066 mille
1262 2017 1384 2084 poenae

235 2084 372 2150 Saevum
388 2082 451 2149 fert
464 2087 664 2169 martyrium.
922 2091 1024 2170 Atque
1039 2088 1154 2170 plagae
1169 2085 1336 2168 plurimae.

177 2160 207 2220 4·
235 2167 337 2233 Extra
351 2173 458 2234 castra
476 2171 590 2235 ductus
605 2171 707 2250 Iesus,
854 2165 901 2237 11.
921 2171 983 2237 Cor
997 2171 1177 2254 praedulce,
1197 2187 1253 2234 cor
1266 2168 1395 2249 amoris,

234 2250 359 2337 Unctus
374 2254 487 2332 sputis,
503 2255 618 2336 pugnis
633 2272 753 2339 caesus,
921 2255 1043 2322 Globus
1058 2253 1161 2320 tactus
1177 2259 1228 2319 est
1242 2252 1372 2334 doloris,

234 2335 366 2400 Crucem
382 2333 446 2401 iert
460 2337 493 2403 in
508 2339 684 2420 publicum:
922 2340 988 2405 Vas
1004 2337 1243 2404 amaritudinis:

233 2418 339 2485 Mater
354 2438 492 2501 sequens
510 2425 635 2505 agnum
649 2425 767 2506 mitem,
922 2423 1021 2504 Virgo
1037 2421 1296 2488 cordelacessita

234 2505 489 2586 Repraesentans
505 2505 712 2590 Sunamitem,
921 2505 1020 2584 Quasi
1035 2507 1096 2572 fuit
1110 2507 1178 2571 sine
1193 2505 1269 2585 vita,

234 2589 354 2654 Natum
369 2587 466 2654 deflet
481 2593 617 2658 unicum.
923 2591 1050 2657 Corruit
1067 2590 1229 2656 exanimis.

179 2659 208 2724 5·
236 2673 334 2755 Virgo
350 2673 461 2742 videns
476 2674 633 2758 flagellari
854 2674 903 2737 12.
919 2677 957 2741 In
973 2673 1217 2740 amaraOhristi
1232 2675 1344 2749 morte,

234 2757 278 2822 Et
291 2757 324 2822 in
339 2775 431 2823 cruce
446 2761 625 2826 conclavari
921 2753 1315 2842 lllaMartyriuitcorde,

235 2839 334 2906 Suum
350 2839 574 2924 Unigenitum:
921 2843 1035 2910 Mortis
1049 2841 1111 2908 fert
1126 2839 1329 2990 sugplicium:

235 2925 400 2990 Patienter
414 2925 598 3007 sufferebat,
922 2929 1021 2994 Dolor
1034 2927 1148 3008 ingens
1186 2922 1332 3000 olorille,
1388 3002 1395 3018 ι

235 3009 279 3074 Dt
294 3013 477 3075 constanter
492 3013 678 3094 requirebat
922 3013 1041 3078 Dicunt
1054 3009 1157 3076 sancti
1172 3007 1339 3091 plusquam
1354 3002 1450 3080 mille,

235 3093 376 3158 Dextrae
392 3094 449 3158 Dei
466 3095 610 3178 digitum.
923 3095 1092 3160 Praecellit
1106 3091 1306 3176 Martyrium.

180 3160 210 3222 ⁶·
235 3177 334 3258 Virgo
350 3177 456 3244 Mater
471 3186 536 3244 stat
551 3181 611 3246 sub
626 3179 737 3259 Cruce,
856 3179 903 3240 13.
923 3179 1045 3245 Cuncta
1058 3182 1202 3243 tremunt
1215 3175 1382 3248 clementa,

234 3260 465 3343 Triumphantc
480 3262 607 3329 Christo
623 3265 703 3330 duce
920 3263 1065 3345 Carpunt
1079 3262 1162 3340 luna,
1178 3259 1226 3325 sol
1241 3259 1381 3324 lamenta

235 3346 296 3410 Por
311 3351 446 3411 mortem
461 3349 695 3429 turpissimam:
923 3346 1119 3412 Condolente
1132 3343 1271 3424 virgine:

235 3429 366 3508 Luctus,
381 3430 528 3511 planctus
544 3437 576 3498 et
590 3433 745 3513 ploratus,
924 3431 991 3496 Deo
1006 3447 1134 3510 compar
1147 3427 1322 3524 voluntate,

237 3513 344 3594 Dolor,
359 3521 474 3595 metus,
491 3516 630 3580 eiulatus
923 3515 997 3580 Pari
1012 3513 1128 3594 flagrat
1142 3511 1299 3576 charitate

236 3599 651 3680 Stringunteiusonimam.
923 3595 1302 3664 Prosalvendohomine.

181 3677 209 3737 7·
238 3681 386 3748 Christus
402 3682 513 3748 Crucis
527 3683 559 3747 in
574 3683 709 3749 ambone
857 3677 904 3740 14·
924 3683 1000 3748 Sola
1015 3681 1113 3762 Virgo
1129 3683 1217 3745 tenet
1231 3677 1335 3754 fidem,
1352 3757 1359 3770 .

236 3765 447 3844 Constitutus,
466 3768 498 3831 in
514 3784 617 3848 agone
924 3757 1435 3843 constansdocetetquodrdem

235 3849 364 3933 Septem
379 3851 479 3916 verba
493 3851 644 3932 protulit:
923 3853 1084 3931 Resurget
1098 3849 1130 3913 in
1146 3847 1265 3944 glorio:
1298 3927 1304 3940 ·

236 3933 341 4000 Mater
355 3953 506 4016 praesens
520 3933 675 4002 tribulata
924 3935 1028 4001 Verso
1043 3931 1166 3998 doctrix
1181 3929 1367 4010 disciplinae

234 4016 314 4082 Tam
330 4025 460 4099 patrata
476 4037 570 4100 quam
585 4020 714 4100 plorata
925 4019 1025 4084 Nobis
1041 4017 1138 4081 donet
1153 4015 1223 4080 sine
1237 4015 1299 4077 tine

238 4100 350 4166 Secum
366 4103 463 4169 silens
477 4103 622 4169 contulit.
926 4101 1050 4167 Perirui
1065 4099 1198 4166 laetitia.
1225 4098 1334 4162 Amen.

252 4257 277 4296 a.
295 4239 391 4296 Text.
427 4243 516 4298 Neela
535 4261 561 4314 p.
581 4248 623 4298 41.
642 4259 658 4299 o
676 4243 755 4300 Miss.
775 4241 970 4312 Audegauensi
991 4243 1069 4296 1523.
1083 4269 1112 4280 -
1124 4237 1225 4294 Daniel
1243 4235 1277 4304 V,
1294 4237 1353 4290 190.
1372 4233 1422 4287 leot
1431 4231 1483 4284 deo

179 4311 251 4368 Text
270 4329 322 4367 aaa
339 4313 436 4368 Nesis.

254 4419 280 4474 b.
300 4417 487 4473 Lcaortco.
525 4421 550 4484 6,
570 4419 595 4473 5.
614 4419 649 4472 D.
668 4435 703 4474 m.
722 4423 752 4474 at
770 4419 908 4488 singultus
926 4419 979 4476 Ms.
1007 4447 1041 4458 -·
1069 4419 1095 4486 8,
1114 4419 1139 4470 4.
1158 4415 1197 4470 Et
1214 4415 1254 4470 sic
1272 4413 1325 4468 Ms.
1355 4441 1389 4454 -·
1414 4413 1440 4480 9,
1459 4410 1485 4464 4.

182 4493 266 4546 Latet
284 4489 372 4558 ulcus,
392 4489 466 4558 quod
485 4488 631 4544 emendare
652 4503 768 4558 nequeo.
804 4491 901 4547 Noale.

253 4609 276 4648 c.
295 4591 451 4678 chcrk.
487 4595 513 4659 6,
534 4597 559 4648 6.
588 4592 681 4680 Micam
708 4601 866 4720 opAEortune
895 4595 1020 4649 imitatus
1046 4597 1091 4646 eet
1117 4593 1202 4658 poeta
1228 4585 1439 4672 versumillum
1458 4584 1486 4638 in

182 4666 292 4736 Hymno
312 4666 453 4722 cmolrno:
473 4665 598 4720 Dextrae
616 4665 668 4721 Der
687 4671 718 4721 tn
765 4671 846 4737 gntus.
864 4666 899 4722 11.
925 4696 959 4707 -
987 4667 1012 4732 7,
1034 4667 1057 4719 1.
1085 4662 1129 4718 Ex
1147 4675 1178 4715 re
1196 4659 1387 4714 ecclesiastica
1404 4655 1487 4712 docu-
