3266 5222
723 405 954 470 -166-

197 597 225 656 3.
253 585 679 668 Nateclsnsusundeovas,
924 589 1313 672 Sacrouirgopaetirata

251 673 360 738 Novus
375 691 508 737 cernens
523 671 628 753 proles
642 691 752 751 nouas,
923 672 1106 756 Magnificat
1120 691 1197 740 voce
1212 681 1314 756 grata,

252 753 330 834 Quis
346 763 378 820 te
393 757 475 821 scire
490 755 642 820 docuit?“
925 757 1082 824 Decantat
1097 757 1268 824 humiliter.

252 841 456 906 Novouovus
471 840 663 920 gratulatur,
868 843 896 903 5.
923 841 1253 922 Avefloreredimita,

250 923 355 990 Mater
369 933 503 988 matrem
520 921 727 1004 amplexatur,
923 925 1277 1008 Moredivsiusignita,

251 1007 366 1072 Totum
381 1007 467 1072 Deus
483 1007 590 1073 voluit.
923 1007 997 1088 Nos,
1014 1027 1190 1090 precamur,
1206 1009 1344 1092 respice:

196 1098 224 1157 4.
252 1091 331 1174 Eya,
347 1091 447 1156 ambit
461 1092 517 1155 illa
531 1092 617 1154 illam
922 1092 989 1158 Ros
1004 1093 1147 1174 inundat,
1164 1094 1237 1160 labe
1252 1093 1394 1174 mundat,

251 1175 387 1240 Matrem
402 1175 461 1239 Dei
476 1183 509 1240 et
523 1175 680 1251 ancillam,
922 1174 976 1240 Sol
992 1177 1352 1258 uirtutetefoeoundat,

251 1259 339 1324 Haec
353 1277 423 1322 eam
438 1259 600 1323 similiter:
923 1257 1061 1326 Decorst
1078 1261 1253 1344 magnifice.

267 1385 293 1422 a.
313 1367 406 1422 Text.
444 1366 646 1434 Wackernagel
665 1364 687 1430 1,
707 1368 768 1419 246.
789 1381 841 1420 aaa
860 1367 919 1420 deon
938 1365 1017 1422 Miss.
1036 1367 1164 1438 Msgdeb.
1186 1373 1254 1425 1493
1274 1371 1329 1440 (Δ).
1355 1400 1388 1410 -
1414 1369 1494 1424 'lert

196 1457 253 1508 seq.
273 1439 324 1510 (B).
360 1439 438 1494 miss.
467 1437 638 1492 Helberstat.
668 1441 736 1490 1614
762 1437 811 1507 (C).
848 1465 882 1477 -
919 1439 1019 1493 Daniel
1046 1440 1079 1508 V,
1099 1442 1142 1495 76.
1170 1441 1270 1497 aGod.
1299 1443 1325 1496 S.
1351 1441 1422 1496 Gall.
1442 1443 1495 1496 646

196 1509 340 1581 (Brunderi
354 1509 440 1578 sttbrt
460 1509 504 1562 die
522 1514 612 1563 craten
631 1509 649 1560 3
668 1506 762 1562 Zattara
783 1525 829 1562 aa.
865 1507 958 1577 „Eine
975 1509 1078 1564 auden
1095 1510 1219 1580 Sequens
1244 1513 1298 1582 aas
1319 1512 1407 1567 dieses
1427 1511 1496 1566 cht

196 1599 248 1636 aaa
267 1581 420 1636 dtniictem
433 1578 577 1634 Versmaes
596 1580 626 1634 ia
646 1583 681 1632 10
700 1579 878 1648 dreiseila'pca
886 1579 1027 1650 Strapltaa
1046 1581 1118 1637 state
1134 1584 1166 1636 in
1185 1583 1244 1638 dean
1261 1582 1394 1637 Maiam
1408 1583 1494 1636 Mesa-

196 1653 266 1709 bucb
283 1669 337 1708 eon
357 1654 427 1705 1432
444 1651 504 1705 arrd
521 1650 630 1704 derasas
647 1652 679 1703 ia
697 1649 747 1704 der
764 1649 1034 1718 bandaetm'ftlicten
1052 1651 1341 1724 Hpmnensammlaap
1369 1669 1422 1708 oon
1442 1655 1495 1708 Ga·

195 1739 273 1780 mma
291 1739 329 1778 aaa
351 1719 538 1791 Wlirrbarp.“
574 1721 666 1788 Mons,
686 1721 735 1774 der
754 1721 828 1776 dana
850 1722 922 1776 acet
940 1723 986 1777 die
1003 1728 1093 1778 nmen
1113 1727 1131 1778 3
1149 1723 1245 1779 Zeileu
1262 1725 1403 1780 mittbeiit.

266 1813 291 1867 b.
311 1810 497 1866 Lesarteu.
537 1813 559 1878 l,
581 1813 603 1862 1.
623 1809 663 1863 'l'e
682 1809 769 1864 libata
788 1807 840 1865 BC.
860 1839 892 1850 -
915 1814 938 1876 1,
957 1815 982 1864 2.
1003 1811 1079 1866 Abiit
1096 1811 1175 1868 ABG.
1194 1813 1254 1868 abit
1271 1812 1413 1868 Wacb-
1433 1819 1458 1884 2,
1469 1817 1494 1868 2.

195 1884 263 1940 Elis.
282 1881 335 1938 Be.
355 1911 388 1922 -·
408 1883 433 1948 2,
452 1883 478 1936 d.
496 1879 575 1936 nefas
593 1879 646 1936 BG.
666 1909 699 1920 -
717 1883 743 1948 3,
764 1884 786 1934 1.
806 1881 881 1936 Voce
900 1881 934 1936 cl.
954 1881 1006 1936 ΒΟ.
1027 1911 1059 1923 -
1080 1887 1105 1950 3,
1114 1887 1140 1938 4.
1159 1883 1254 1938 Nouos
1272 1885 1350 1940 noris
1368 1885 1420 1940 Be.
1439 1885 1494 1940 No-

195 1972 244 2011 uus
263 1955 341 2011 noris
360 1956 393 2008 Δ.
430 1951 509 2008 Nouo
527 1967 615 2008 novus
633 1952 732 2007 Wack.
752 1982 786 1991 -
805 1955 831 2020 4,
854 1955 876 2006 l.
895 1951 947 2008 Eia
967 1951 1019 2010 BG.
1040 1983 1072 1994 -
1092 1959 1152 2022 6,1.
1172 1954 1250 2022 Quae
1268 1971 1299 2012 es
1318 1955 1345 2012 ii.
1366 1957 1396 2010 B.
1417 1957 1495 2024 Quae

195 2025 223 2080 ll.
243 2025 272 2080 0.
292 2055 325 2065 —
345 2027 371 2094 5,
390 2026 415 2078 2.
434 2021 497 2078 divo
516 2021 570 2076 Bc.
588 2052 622 2064 -
642 2025 666 2092 6,
685 2025 711 2078 4.
730 2021 789 2079 Nos
807 2023 843 2077 in.
862 2023 916 2080 BC.

565 2282 636 2344 209.
679 2275 732 2343 De
753 2277 844 2344 beuta
865 2277 981 2346 Maria
1002 2259 1134 2362 moine.

220 2418 246 2478 1.
269 2411 377 2478 Sancti
393 2411 531 2494 Spiritus
547 2411 627 2478 assit
642 2413 735 2478 nobis
749 2413 864 2494 gratia,

217 2501 245 2562 2.
269 2495 339 2574 Quo
354 2495 545 2562 foecundata
558 2495 660 2562 Deum
677 2497 802 2578 peperit
816 2497 907 2578 virgo
922 2495 1034 2562 Maria.

218 2585 247 2646 3.
270 2580 333 2646 Per
346 2597 440 2662 quem
457 2585 584 2646 saerata
598 2577 692 2644 floret
705 2579 874 2660 virginitas
889 2581 922 2645 in
937 2579 1049 2646 Maria.

216 2671 245 2730 4.
269 2663 407 2745 Spiritus
422 2663 514 2742 alme,
530 2681 593 2745 quo
608 2663 752 2744 repletur
768 2663 881 2742 Maria,

218 2754 247 2812 6.
270 2745 317 2812 ‘lu
334 2765 439 2814 rorem
455 2765 579 2812 sacrum
595 2745 726 2814 stillasti
740 2747 773 2812 in
788 2747 901 2814 Maria.

216 2835 245 2897 6.
268 2831 402 2897 Amator
417 2838 535 2910 sancte,
551 2849 614 2914 quo
630 2831 750 2896 intacta
763 2831 1003 2914 impraegnatur
1019 2829 1132 2899 Maria.

217 2922 246 2981 7.
268 2914 334 2982 Sub
350 2915 440 2981 cuius
455 2915 569 2980 umbre
583 2933 646 2979 non
662 2919 812 2995 torretur,
828 2914 903 2981 dum
918 2913 1044 2981 fovetur
1058 2915 1171 2982 Maria.

216 3004 245 3066 8.
267 2999 553 3082 Tu'praeservasti,
568 3017 608 3064 no
622 2997 724 3098 prime
739 2999 833 3082 culpa
846 2997 1010 3064 transfusa
1029 2999 1119 3065 sitin
1134 2999 1247 3066 Maria.

216 3089 245 3150 3.
267 3084 316 3150 Τα
331 3083 442 3148 cellam
458 3085 591 3148 sacrasti
607 3099 652 3148 sre
667 3083 826 3148 benedicti
842 3083 961 3149 ventris
975 3083 1007 3148 in
1022 3081 1135 3149 Maria.

196 3173 245 3234 10.
269 3165 314 3233 Ut
327 3171 465 3233 tumeret
479 3173 511 3232 et
526 3173 629 3232 mater
642 3165 732 3232 fieret
747 3167 835 3248 virgo
850 3165 963 3233 Maria.

198 3257 245 3317 11.
268 3250 321 3318 Sic
334 3255 473 3334 pareret,
489 3269 528 3316 ae
544 3249 632 3316 foetu
647 3249 796 3334 perderet
810 3248 920 3316 florem
935 3250 1047 3316 Maria.

197 3340 245 3401 12.
268 3334 445 3486 Prophbetas
473 3343 509 3400 tu
536 3333 717 3418 inspirasti,
746 3341 783 3399 ut
806 3333 1043 3416 praecinerent,
1073 3333 1159 3416 quod
1186 3332 1286 3399 Deum
1316 3331 1497 3414 conciperet

380 3435 457 3486 arra.

200 3508 248 3570 13.
271 3503 440 3586 Apostolos
455 3501 650 3580 confortasti,
666 3507 702 3568 ut
716 3507 899 3570 astruerent
912 3501 996 3567 hune
1011 3501 1123 3579 Deum,
1138 3517 1232 3582 quem
1247 3499 1348 3564 edidit
1361 3499 1473 3566 Maria.

201 3595 248 3656 14.
271 3586 404 3664 Quando
419 3585 598 3652 machinam
612 3587 699 3652 Deus
713 3585 789 3652 fecit
802 3586 994 3652 mundanam
1010 3589 1060 3651 est
1075 3583 1291 3668 praefigurata
1304 3585 1335 3647 in
1351 3583 1464 3648 Maria,

201 3678 247 3739 15.
270 3670 378 3736 Tellus
392 3669 560 3750 bominem,
576 3671 665 3752 virgo
680 3671 833 3752 virginem
848 3668 931 3735 ludit
945 3671 1092 3752 primum,
1107 3669 1153 3732 sie
1168 3667 1339 3734 seeundum
1355 3665 1467 3732 Maris.

201 3759 249 3822 16.
270 3753 317 3821 Tu
333 3755 510 3820 animarum
526 3772 599 3836 spes
614 3751 801 3821 afflictarum
816 3753 918 3820 dulcis
933 3753 1046 3820 blaria.

202 3845 248 3904 17.
271 3838 320 3904 Tu
333 3838 531 3904 servulorum
545 3855 646 3903 nexus
661 3843 788 3904 tuorum
804 3839 891 3903 solve
905 3835 1017 3903 Maria.

202 3927 248 3989 lS.
271 3923 320 3989 Tu
335 3921 479 3988 collisum
495 3923 633 4004 peccatis
647 3923 799 3988 mundum
814 3919 856 3986 ad
871 3921 968 3986 vitam
982 3921 1137 4003 reparasti
1153 3919 1264 3985 Maria.

203 4013 248 4076 19.
273 4007 431 4072 idolatras
446 4010 479 4070 et
493 4008 579 4088 leges
594 4011 683 4072 atres
699 4005 857 4072 eneruasti
872 4003 984 4070 Maria.

199 4097 248 4158 20.
269 4089 355 4172 Ergo
370 4107 428 4156 nos
444 4090 582 4172 petimus
597 4089 765 4172 supplices,
779 4093 816 4154 ut
831 4105 891 4170 ope
905 4089 1044 4170 benigna
1058 4087 1205 4154 subleves
1219 4084 1330 4152 Maria.

200 4180 249 4242 21.
271 4175 314 4241 Et
328 4180 404 4240 nato
419 4191 477 4256 pro
492 4175 585 4239 nobis
599 4173 768 4255 supplices,
783 4173 837 4254 qni
852 4171 912 4238 tibi
926 4173 1092 4256 psallimus
1112 4189 1171 4236 eve
1186 4169 1298 4235 Maria.

201 4265 249 4328 22.
271 4259 320 4325 'lbi
333 4257 457 4323 felicior
469 4257 615 4323 felicibus
629 4255 739 4322 Maria.

201 4349 251 4414 23.
273 4344 322 4410 Tu
336 4341 526 4408 sublimibus
542 4341 727 4423 angelorum
742 4339 885 4406 coetibus
899 4358 933 4406 es
948 4339 1093 4423 praelata
1106 4338 1219 4404 Maria.

201 4432 251 4496 24.
273 4427 380 4510 Ipsum
396 4423 555 4491 hominem
569 4423 703 4491 induisti
718 4423 830 4490 Maria.

201 4515 249 4576 25.
272 4509 333 4588 Qui
348 4511 418 4575 sine
432 4511 552 4575 semiue
567 4513 600 4574 et
614 4510 740 4590 rigante
754 4508 879 4574 nemine
894 4511 926 4574 te
941 4505 1143 4574 foecundavit
1156 4505 1268 4572 Maria.

201 4599 252 4661 26.
272 4595 367 4661 Hunc
381 4591 484 4659 Deum
498 4593 589 4659 nobis
604 4591 696 4676 placa
710 4591 822 4658 Maria.

203 4773 240 4833 w
269 4699 412 4854 gogo&
448 4701 526 4758 Misa.
554 4699 633 4758 fratr.
661 4699 750 4757 Paris.
780 4702 849 4756 1620
874 4699 928 4776 (Δ).
965 4729 998 4740 -
1035 4697 1137 4756 Daniel
1154 4697 1190 4774 11,
1213 4701 1272 4757 136.
1297 4717 1350 4755 aas
1369 4698 1501 4762 Giicbtou

243 4817 250 4852 ,
325 4813 332 4830 .
398 4813 405 4829 .
