3190 5226
642 345 883 434 -es-'

175 546 392 615 inumbratur
405 545 484 613 iusti
505 549 538 612 et
556 545 726 629 fvrlgebuut
845 547 927 616 Nam
940 563 1011 614 cum
1019 545 1318 632 Deoreguabuntin
1329 545 1396 630 glo·

176 631 475 714 Lucssempiterna.
886 634 943 714 ria,

112 723 156 785 35.
176 716 244 782 Nou
259 718 320 782 erit
334 717 449 792 luctus,
466 733 529 782 uon
545 715 609 782 erit
623 714 723 796 dolor,

174 801 242 866 Non
257 801 318 866 erit
331 799 486 864 molestia.
770 803 821 864 40.
843 799 960 882 inqua
978 817 1113 882 regnare
1127 801 1160 866 iu
1175 800 1305 869 saecun

173 881 694 950 Pareritsummaetiucuuditas
842 883 909 950 Nos
932 885 1001 950 eius
1028 886 1183 952 concedat
1196 887 1397 968 omnipotens

173 969 271 1034 luerit
283 973 450 1051 perpetua.
884 967 996 1050 gloria.
1026 969 1138 1034 Amen.

170 1091 260 1148 Tect.
297 1091 389 1148 Morel
405 1091 458 1146 No.
476 1095 520 1147 30.
540 1089 567 1146 S.
585 1095 628 1146 16.
648 1107 718 1146 aas:
734 1089 868 1159 „HaNo
884 1091 1394 1150 roe.euthiedetndan15.Jetrt.

108 1166 229 1236 [ifissnlep
254 1165 316 1218 aad
341 1163 455 1219 Missale
481 1163 674 1218 Athanatense
702 1165 779 1218 1531.
806 1161 855 1218 Bt.
873 1167 933 1218 193.
968 1163 1157 1232 „Aassollend
1173 1167 1212 1220 iat
1230 1167 1276 1221 die
1294 1167 1395 1220 durch·

105 1237 213 1308 petendo
232 1235 344 1290 Caecus
363 1234 502 1289 desselben
524 1233 655 1288 1751551εέι
690 1235 788 1288 Morel.
825 1263 859 1274 -
895 1235 970 1304 „Die
997 1235 1122 1306 Sequens
1149 1237 1253 1293 besteht
1277 1254 1329 1294 aas
1357 1237 1400 1306 elf

107 1307 357 1378 Doppelversa'lteln,
383 1306 450 1360 aber
478 1306 524 1360 die
550 1304 735 1372 Eintheilmsp
762 1305 812 1359 der
842 1304 969 1361 Versikel
994 1307 1032 1360 a'at
1059 1308 1204 1376 metesach
1222 1325 1259 1362 sa
1276 1307 1393 1363 ᾶηάετη.

111 1379 151 1433 Vr.
166 1382 271 1434 39-40
289 1377 384 1432 beiden
402 1378 483 1432 einen
500 1375 686 1446 Doppelvers,
705 1377 802 1432 desen
819 1381 909 1432 crater
925 1377 1032 1432 Stolten
1050 1395 1098 1434 am
1115 1381 1185 1434 enei
1193 1379 1289 1434 Silben
1299 1380 1396 1450 insuper

107 1447 744 1519 nemmem(gloriamaeculamaeneetese
754 1446 903 1519 Trennanp
912 1449 1170 1506 notracteiniict.“
1187 1450 1308 1508 Bartsch
1316 1450 1345 1506 S.
1351 1454 1396 1506 30.

444 1775 496 1836 38.
539 1769 583 1837 In
603 1773 883 1858 nomfiparatione
904 1769 1048 1836 Domini.

107 1913 132 1970 1.
152 1901 636 1990 Haecestdicssummagrata
822 1907 912 1974 Haec
928 1905 1058 1972 claritas
1073 1905 1246 1987 singularis

149 1989 505 2069 Divicilesndedicata‚
824 1991 934 2058 Solum
949 1993 1019 2056 erat
1033 1991 1232 2073 exemplaris,

148 2073 530 2153 Plurimisquedecorata
823 2074 978 2156 illiusque
993 2091 1107 2156 expers
1122 2075 1208 2158 paris

147 2157 268 2223 Divinis
288 2156 464 2223 miraculis:
823 2159 913 2224 Finis
928 2164 1000 2225 erat
1013 2159 1130 2224 nescia.

149 2241 215 2308 Hac
229 2241 363 2323 Moyses
379 2243 545 2321 excitatur,
771 2245 800 2308 5.
824 2242 920 2309 Clara
934 2243 1019 2309 uube
1034 2243 1256 2326 obumbrante,

148 2325 189 2391 Et
202 2326 328 2409 Helyas
343 2331 544 2406 convocatur,
822 2326 983 2410 Patreqne
1000 2325 1201 2408 testificante,

149 2407 410 2491 Utfactomagis
427 2411 584 2486 credatur,
823 2411 939 2476 Filium
954 2411 1243 2494 recommendante,

150 2493 226 2559 Cum
240 2493 351 2560 tribus
366 2493 541 2576 discipulis.
823 2495 873 2562 Ab
890 2497 1141 2561 cavoxsonuit:

107 2582 130 2642 2.
148 2577 205 2644 His
217 2577 252 2644 iu
267 2583 379 2643 monte
393 2579 595 2661 congregatis
824 2579 886 2644 Hic
902 2585 953 2644 est
966 2577 1051 2644 filius
1067 2579 1213 2658 dilectus,

147 2662 213 2728 Lux
227 2665 405 2728 immensae
420 2662 577 2728 claritatis
823 2661 1051 2744 Summapius
1067 2679 1189 2728 summe
1205 2665 1320 2742 rectus,

148 2746 314 2828 Miraeque
328 2747 498 2812 suavitatis
821 2747 905 2813 Prae
919 2747 1104 2828 cunctisque
1119 2746 1331 2830 praeelectas,

148 2829 269 2896 Pariter
285 2848 307 2894 a
331 2831 457 2912 paruit:
823 2830 893 2910 Quo
908 2829 985 2896 mihi
1000 2831 1199 2914 complacuit.

147 2912 309 2980 HaecaO
351 2915 409 2979 'to
426 2913 595 2997 emanavit,
772 2915 840 2981 6.]
864 2913 1211 2995 se‚0hriste,noluisti

149 2997 190 3063 Ft
202 2999 235 3064 iu
250 2997 560 3078 vestes'abuudavit,
850 2999 917 3077 ciri,
932 2998 988 3064 scd
1004 2999 1205 3081 prohibuisti,

149 3081 371 3164 Suosiulgore
387 3083 569 3165 prostravit
823 3083 930 3148 Donec
944 3089 1018 3165 post
1032 3082 1238 3148 resurrexisti

149 3165 495 3232 Fidentesseterruit.
822 3168 1056 3233 Amortecum
1072 3167 1189 3248 gloria:

106 3254 131 3312 3.
151 3249 238 3316 Haec
252 3250 406 3316 terrendo
421 3268 484 3314 non
498 3251 658 3332 laedebat,
823 3251 887 3318 Sed
901 3269 984 3334 quae
999 3249 1109 3332 lingua
1124 3258 1201 3316 tuuc
1215 3253 1321 3315 tacere

153 3332 212 3400 Sed
227 3333 366 3400 fovendo
383 3333 593 3412 demulcebat,
823 3334 941 3412 Possit,
963 3341 997 3400 et
1012 3353 1101 3400 mens
1117 3331 1346 3414 congaudere,

150 3417 367 3484 Demnlcendo
384 3417 601 3500 suspendebat
824 3417 913 3496 Quae
927 3418 1030 3484 credit
1045 3425 1078 3483 et
1094 3419 1163 3483 vult
1177 3416 1287 3482 videre

151 3501 264 3568 Oculos
281 3502 475 3567 videntium:
823 3503 885 3568 Tot
900 3505 932 3568 et
947 3507 1040 3567 tauta
1056 3501 1199 3584 gaudia?

150 3587 278 3651 Summe
294 3585 396 3651 dulcis
411 3593 445 3650 et
458 3587 574 3668 iocosa,
771 3591 799 3650 7.
823 3587 886 3651 Per
900 3587 979 3652 haec
994 3584 1073 3650 fides
1089 3583 1303 3666 confirmatur,

151 3667 260 3735 Suavis
276 3675 311 3736 et
325 3669 476 3751 gratiosa,
791 3667 905 3753 'Spes
919 3671 951 3736 iu
967 3669 1068 3734 altum
1082 3669 1279 3750 sublevatur,

150 3752 186 3818 In
201 3771 264 3836 qua
279 3752 372 3836 plene
387 3754 528 3834 gloriosa
822 3753 866 3822 Et
880 3754 1019 3820 charitas
1033 3751 1250 3820 inflammatur

150 3834 272 3904 Habuit
286 3837 448 3903 indicium.
822 3837 1133 3904 Devotisfidclibus:

106 3923 132 3984 4.
151 3920 272 3987 Bonum
288 3927 360 3987 erat
372 3921 416 3986 ibi
431 3939 516 4001 vere,
822 3923 906 3988 Mira
919 3924 990 3988 luce
1005 3922 1185 3988 maiestatis

151 4005 237 4071 Bone
251 4005 358 4082 Petro,
373 4021 566 4088 permanere,
823 4009 945 4072 Auctor
959 4007 1028 4089 ipse
1043 4006 1174 4088 pietatis

154 4087 213 4154 Sed
228 4091 399 4172 oportebat
412 4091 545 4172 implere
822 4089 935 4156 Faciat
949 4109 1008 4156 nos
1024 4108 1095 4155 cum
1112 4088 1215 4156 beatis

151 4171 250 4239 Facta
267 4171 428 4240 Christum
444 4173 524 4240 alia:
820 4173 945 4240 Perfrui
959 4175 992 4240 in
1007 4175 1209 4241 coelestibus.
1241 4173 1353 4238 Amen.

169 4311 194 4352 a.
212 4296 308 4352 Teet.
344 4297 433 4354 Neals
451 4316 478 4369 p.
499 4299 558 4356 156.
577 4314 593 4354 c
611 4299 690 4354 Miss.
711 4298 887 4355 xantonensi
906 4299 1137 4356 lette-Daniel
1156 4299 1190 4369 V,
1204 4300 1265 4354 289.
1284 4295 1398 4351 hetden

105 4362 170 4422 Tect
187 4385 240 4424 aas
258 4369 356 4424 Nealc.

170 4465 196 4519 b.
214 4463 395 4522 Lescrten.
433 4471 459 4536 4,
476 4469 502 4522 4.
522 4467 626 4524 Christi
643 4468 726 4524 Xant.
746 4497 781 4510 -
798 4469 825 4538 4,
844 4471 869 4524 7.
897 4469 1062 4538 „Forsitanz
1089 4467 1142 4524 Illa
1165 4473 1267 4534 annm,
1295 4475 1396 4535 expers

106 4535 185 4605 paris,
202 4535 281 4596 Finis
297 4540 351 4595 erit
368 4538 487 4595 uescia.“
523 4539 620 4596 Neale.

144 4841 254 4894 mem,
270 4843 401 4898 Secum
