3234 5246
670 324 901 390 —425-

160 511 191 570 7.
214 503 393 570 Dummodo
407 503 497 570 illum
512 503 607 572 liceat
622 523 753 572 cernere
768 506 936 588 dispendio
950 506 1036 572 vitae
1054 504 1240 588 praesentis,

158 594 190 654 8.
207 587 354 654 Caesaris
367 593 404 654 tu
418 587 520 654 fasces
535 591 710 656 contemnis
725 593 758 656 et
771 591 885 656 iudicis
899 593 1003 656 minas
1019 590 1152 656 derides.

159 677 191 738 9.
215 671 363 738 Carnifex
378 673 516 754 ungulas
531 677 564 738 et
579 678 669 739 ustor
683 673 867 739 craticulam
883 692 964 741 vane
980 681 1179 740 consumunt.

138 761 191 820 10.
214 757 309 822 Dolet
322 757 438 838 impius
453 756 543 822 urbis
557 757 747 838 praefectus,
763 759 866 824 rictus
879 776 899 822 a
913 758 1001 839 pisce
1016 764 1133 838 assato,
1151 757 1270 822 Christi
1287 757 1366 822 cibo.

139 846 191 905 11.
214 839 342 906 Gaudet
356 840 476 905 domini
491 841 622 906 conviva
637 841 719 920 lavo,
735 841 994 922 conresurgendi,
1010 859 1080 907 cum
1096 841 1166 924 ipso
1182 845 1355 906 saturatus.

138 929 191 988 12.
214 923 241 988 Ο
255 923 418 1004 Laurenti,
435 925 570 989 militum
584 924 689 990 David
703 926 911 992 invictissime
925 927 1010 1006 regis
1024 925 1157 1006 aeterni,

139 1013 191 1076 13.
214 1007 308 1088 Apud
322 1007 413 1072 illum
428 1008 563 1074 servulis
577 1009 678 1090 ipsius
693 1009 867 1093 deprecare
882 1011 1006 1076 veniam
1022 1028 1149 1092 semper

138 1096 191 1156 14.
214 1091 339 1172 Martyr
353 1092 508 1173 milesque
523 1090 626 1158 fortis,

211 1215 237 1254 a.
255 1199 347 1254 Text.
384 1199 485 1254 Daniel
502 1199 536 1268 11,
555 1203 598 1254 20.
618 1201 670 1256 384
689 1213 704 1253 5
723 1199 901 1258 55111151.
921 1203 947 1257 5.
965 1217 1037 1258 saec.
1056 1203 1104 1256 XI.
1134 1202 1187 1270 (Δ),
1214 1201 1290 1256 Mon.
1316 1201 1341 1254 6.
1368 1214 1439 1254 saec.

136 1269 189 1325 XI.
208 1271 259 1340 (Β).
297 1269 378 1327 Vind.
397 1274 422 1328 5.
442 1285 514 1327 saec.
534 1271 596 1325 ΧΠ.
615 1271 666 1341 (0),
684 1271 767 1327 Vind.
787 1275 812 1326 7.
831 1289 904 1329 saec.
923 1273 997 1327 XIV.
1018 1275 1072 1343 (D).
1101 1303 1135 1314 -
1163 1272 1229 1328 (lod.
1248 1272 1440 1328 Wirzenborn.

137 1356 212 1396 saec.
231 1341 305 1395 XIV.
326 1341 379 1412 (Ε).
398 1373 432 1383 -
452 1341 531 1396 Text.
550 1356 609 1410 seq.
629 1342 681 1410 (F).
719 1345 781 1411 Ssq.
800 1343 867 1398 Dav.
889 1347 957 1399 1495
977 1345 1164 1414 (G).-Miss.
1184 1345 1279 1398 Patav.
1296 1345 1365 1398 1495
1383 1341 1440 1410 (Η),

136 1411 302 1482 Eychstadt.
320 1411 396 1468 circa
413 1429 438 1466 a.
459 1416 528 1468 1500
548 1413 592 1484 (Ι),
611 1414 705 1470 Calon.
726 1417 795 1469 1504
814 1413 869 1486 (Κ),
888 1415 1098 1484 Mogunt.1507
1118 1417 1172 1486 (L),
1191 1415 1360 1469 Halherstut.
1373 1415 1439 1468 1511

137 1483 200 1554 (Μ),
219 1483 343 1539 Mindon.
363 1486 431 1538 1513
451 1484 505 1610 (Ν),
523 1485 674 1554 Numhurg.
696 1487 764 1540 1517
783 1486 835 1554 (0).
855 1487 1025 1556 -Adelph
1045 1489 1079 1542 75
1100 1487 1150 1556 (Ρ).
1171 1485 1303 1540 Glichtov.
1323 1485 1369 1550 IV,
1387 1486 1440 1538 208

137 1553 192 1625 ((1).
211 1555 292 1610 Torr.
312 1553 366 1624 (R).
386 1585 417 1596 -
437 1555 484 1609 Str
505 1561 516 1610 1
535 1556 608 1611 auch
625 1557 672 1610 ia:
697 1555 781 1611 codd.
800 1555 917 1614 Eiusidl.
939 1561 998 1612 105.
1020 1561 1078 1612 106.
1100 1561 1159 1612 107.
1180 1561 1239 1610 121.
1258 1555 1395 1610 Rheinan.
1415 1557 1439 1608 6.

208 1639 236 1694 b.
256 1639 439 1696 Leacrten.
477 1645 502 1696 2.
522 1643 719 1711 imperatorum
737 1642 768 1696 P.
796 1673 831 1683 —
859 1646 884 1698 6.
904 1651 1016 1699 sanctos
1035 1642 1146 1700 GKNR.
1175 1643 1265 1698 sancti
1283 1641 1368 1698 FLM.
1405 1671 1438 1682 -

138 1711 206 1766 lacit
223 1713 307 1783 ABE,
326 1713 372 1767 die
391 1714 500 1768 andern
517 1713 591 1768 lecit.
611 1744 644 1754 -
664 1719 689 1770 7.
708 1715 752 1768 lic.
772 1715 811 1768 ill.
830 1714 861 1768 F.
881 1744 915 1754 —
934 1714 1078 1784 dispendia
1097 1715 1129 1770 G.
1155 1745 1188 1754 —
1214 1717 1239 1768 8.
1259 1713 1333 1768 laces
1352 1712 1439 1768 EFGI

137 1781 305 1838 KLMNOR.
333 1815 368 1824 -
394 1788 435 1838 11.
455 1787 665 1854 conresurganti
683 1801 745 1840 cum
762 1786 823 1854 ipso
843 1785 954 1841 Christo
974 1787 1093 1841 satiatus
1111 1785 1155 1839 IP.
1180 1785 1390 1854 conresurgenti
1410 1783 1438 1836 (1.

136 1869 199 1908 cum
217 1854 328 1909 Christo
347 1856 380 1908 D.
407 1864 651 1925 conresurgentem
670 1857 781 1912 Christo
800 1862 943 1911 saturatus
962 1857 993 1912 F.
1026 1859 1205 1926 consurgenti
1231 1873 1291 1910 oum
1315 1857 1376 1924 ipso
1396 1869 1438 1909 sa-

136 1930 249 1982 turatus
267 1925 305 1980 Μ.
324 1941 385 1982 cum
403 1935 566 1996 resurgente
583 1929 693 1984 Christo
713 1933 855 1984 saturatus
874 1927 905 1994 Q.

209 2029 231 2066 o.
250 2013 406 2070 Bemerlr.
447 2013 534 2070 Ucher
553 2016 606 2071 das
623 2014 824 2086 thtlamiache
841 2021 893 2070 etc.
912 2015 1022 2084 spricht
1040 2015 1160 2070 Bartsch
1179 2015 1207 2068 S.
1227 2019 1252 2067 7.
1272 2017 1314 2066 77.
1333 2017 1376 2067 81.
1395 2015 1438 2066 84.

693 2205 891 2214 ——..--.-...-

581 2356 651 2417 624.
694 2352 746 2418 De
766 2373 791 2418 a.
814 2351 1000 2418 Laurentio,

521 2469 637 2540 (Auctor
656 2477 699 2526 est
716 2471 806 2527 Adam
825 2470 859 2526 de
881 2471 907 2525 S.
926 2467 1059 2535 Victore.)

165 2601 191 2660 1.
211 2593 328 2657 Prunis
344 2592 453 2658 datum
469 2592 674 2673 admiremur,
835 2595 863 2655 5.
881 2591 963 2656 Nam
979 2589 1155 2665 thesauros,
1172 2605 1252 2668 quos
1269 2589 1418 2670 exquiris,

211 2678 608 2742 Laureatumveneremur
882 2673 945 2739 Per
958 2678 1121 2738 tormenta
1135 2691 1197 2736 nou
1213 2673 1350 2753 acquiris

210 2759 372 2826 Laudibus
388 2759 611 2824 Laurentium:
828 2792 833 2808 ·
883 2757 965 2838 Tibi,
981 2755 1037 2822 sed
1052 2755 1240 2820 Laurentio:

210 2845 406 2911 Veneremur
422 2861 492 2908 cum
507 2846 656 2923 tremore,
884 2841 953 2906 Hos
969 2841 1001 2905 iu
1018 2839 1144 2904 Christo
1162 2843 1338 2916 coacervat,

211 2928 427 3010 Deprecemur
441 2945 513 2992 cum
528 2945 636 2992 amore
883 2923 986 2989 Huius
1008 2941 1146 3006 pugnam
1163 2921 1308 2988 Christus
1332 2931 1441 2989 servat

211 3013 388 3094 Martyrem
403 3013 576 3092 egregium.
883 3007 1122 3090 Triumphautis
1138 3008 1289 3088 praemio.

165 3150 193 3209 2.
212 3146 391 3210 Accusatus
407 3162 471 3209 non
485 3143 625 3226 negavit,

211 3227 276 3294 Sed
290 3227 622 3326 pltlsatusyttulistvd
837 3247 865 3308 6.
885 3239 994 3306 Nescit
1008 3239 1111 3304 sancti
1125 3259 1187 3304 nox
1202 3241 1383 3321 obscurum,

211 3311 249 3376 In
264 3309 351 3378 tubis
367 3312 556 3408 ductilibus:
647 3393 654 3408 ⁸
884 3323 930 3389 Ut
944 3325 977 3389 in
991 3324 1101 3406 poeuis
1117 3323 1193 3404 quid
1208 3326 1367 3406 impurum

211 3395 295 3460 Dum
309 3396 342 3460 in
356 3413 468 3476 poenus
482 3401 557 3460 voto
571 3394 673 3476 plens
884 3407 1229 3472 Fidotraototdubia:

211 3479 380 3576 Exultaret
395 3484 428 3544 et
443 3485 571 3576 sonaret
883 3492 993 3573 Neque
1009 3490 1110 3556 caeeis
1125 3491 1231 3556 lumen
1246 3493 1348 3574 daret,

210 3562 248 3629 ln
263 3562 379 3629 drvlms
394 3562 551 3628 1111155111-
883 3575 917 3642 Si
932 3593 995 3640 non
1010 3593 1083 3639 eum
1099 3575 1241 3640 radiaret

164 3697 192 3758 3,
211 3692 667 3776 sicquechffldamugicomm
883 3659 1230 3741 Lumrmspraesentna.

210 3777 351 3844 Tandem
367 3797 479 3845 sonum
496 3778 553 3844 dat
567 3797 717 3846 sonorum

210 3861 329 3928 Plectri
344 3863 536 3928 ministerio:

210 3944 263 4012 Sic
277 3947 310 4012 in
325 3946 430 4013 choris
445 3951 676 4013 tormentorum
834 3919 862 3978 7·
882 3910 973 3976 Fidffl
990 3907 1146 3977 ⁰⁰¹¹f0³S¹⁰

211 4029 312 4097 Melos
327 4031 448 4096 Christi
463 4029 677 4097 consessorum
881 3991 1261 4160 Ifigffssgfflgfflffio’

208 4114 307 4181 Dedit
320 4115 416 4180 huius
432 4115 544 4180 tentio.
881 4160 1170 4229 Statuitinmedio

160 4253 190 4316 4.
209 4247 287 4315 Deci
301 4249 383 4328 vide,
398 4248 474 4330 quia
486 4245 549 4312 fide
881 4246 1002 4311 Lumen
1018 4241 1301 4312 coramomnibus:

208 4333 268 4398 Est
281 4333 418 4399 invictus
433 4331 517 4397 inter
531 4331 624 4412 ictus,
881 4331 975 4396 Iuvat
989 4329 1049 4394 Dei
1064 4327 1216 4393 famulum

208 4417 314 4482 Minas
328 4421 362 4482 et
376 4417 537 4482 incendia:
882 4411 1250 4492 Crucissuaehaiulum,

208 4501 289 4582 Spes
303 4501 438 4581 interna,
455 4519 515 4566 vox
530 4515 669 4583 superna
881 4499 999 4562 Assum
1013 4497 1106 4578 quasi
1121 4495 1276 4561 ferculum

208 4583 610 4651 Consolaturethortatur
880 4581 966 4646 Fieri
981 4581 1198 4675 spectaculum

207 4667 319 4734 Virum
337 4669 376 4734 de
391 4669 581 4734 constantia.
881 4665 1010 4748 Angelis
1025 4669 1058 4730 et
1072 4663 1231 4747 gentibus.
