3240 5224
721 305 951 372 *308*-

545 489 617 552 429.
640 485 692 553 De
712 494 819 556 111111
844 487 964 556 ruma
986 487 1134 570 apostolo.

190 625 217 684 1.
246 619 339 687 Salve
354 619 476 688 Thoma
491 623 637 704 gloriose,
916 626 1035 706 Tangis
1051 642 1177 690 sucrum
1192 623 1310 688 Christi
1325 621 1422 701 latus,

244 705 372 770 Palmes
388 706 461 773 vitis
477 706 660 773 fructuosae
917 711 969 774 Sic
984 711 1025 774 ad
1040 708 1134 773 fidem
1150 707 1377 786 conformatus²

245 789 289 854 Te
304 789 433 855 doctore
448 791 589 856 virtuose
917 795 984 859 lam
1000 809 1171 857 coruscans
1187 793 1354 858 laureatus

246 873 411 938 Gloriatur
425 875 534 940 India:
917 879 953 943 ln
971 877 1099 942 coelesti
1116 876 1213 941 curia.

246 955 347 1034 eram
365 959 520 1024 horrebas
538 959 665 1037 seriose,
863 961 892 1024 3.
918 965 983 1028 Vas
999 961 1123 1041 insigne
1138 958 1281 1036 rationis,

245 1041 336 1106 Hanc
352 1043 512 1108 convertis
528 1043 679 1123 gratiose,
918 1047 1022 1110 Testis
1037 1043 1291 1122 resurrectionis,

246 1123 363 1188 Tecum
378 1126 484 1206 plebis
500 1127 646 1208 copiosae
919 1129 994 1194 Piae
1009 1127 1237 1192 consolationis

142 1283 145 1289 ,
245 1207 379 1274 Mittens
395 1208 436 1274 ad
452 1211 611 1276 coelestia.
919 1213 1019 1278 Nobis
1034 1211 1082 1276 fer
1097 1211 1257 1277 subsidia:

190 1291 219 1350 2.
245 1292 307 1370 Qui
323 1293 367 1357 sic
382 1312 417 1359 11
433 1295 691 1376 praedestinatus
919 1297 1057 1362 Nostrae
1071 1313 1193 1360 memor
1208 1291 1366 1359 concionis

245 1376 323 1440 1111
339 1377 465 1442 Christo
481 1379 647 1458 vocitatus,
919 1381 1017 1445 Posce
1033 1401 1089 1446 nos
1105 1379 1223 1462 repleri
1238 1375 1329 1442 donis

246 1459 384 1526 Nostros
399 1461 484 1528 dilue
498 1467 607 1527 reatus
920 1463 1164 1543 charismatum,
1181 1469 1218 1528 ut
1232 1479 1301 1527 cum
1317 1458 1409 1524 bonis

247 1543 381 1609 Pietatis
396 1546 516 1626 gratia:
920 1549 1091 1613 Laetamur
1106 1548 1138 1612 in
1155 1547 1267 1627 gloria.

261 1653 355 1708 Text.
393 1655 476 1710 Mune
495 1655 547 1711 No.
567 1659 619 1709 716
639 1659 674 1726 (3,
697 1657 757 1722 126)
785 1673 852 1710 ocos:
875 1655 1041 1711 11111111.
1063 1655 1163 1710 Golden
1188 1650 1494 1719 111546111111111).

190 1724 208 1778 f.
229 1727 289 1780 233.
310 1729 352 1780 15.
371 1725 470 1782 Jnhrh.
489 1728 540 1782 mit
559 1727 608 1782 dar
627 1726 758 1783 Melodc'e.
778 1757 810 1767 —
831 1729 931 1782 Daniel
950 1729 983 1796 V,
1004 1731 1063 1784 117.
1083 1743 1135 1781 nuc
1154 1725 1295 1781 dersclben
1312 1722 1365 1778 Hs.

536 2045 606 2105 430.
650 2039 701 2106 Dc
721 2045 828 2106 sancto
853 2038 973 2105 1711111
994 2041 1144 2122 apostolo.

191 2180 217 2239 1.
245 2174 340 2241 Salve
356 2175 478 2240 Thomu
493 2175 637 2258 Didyme,
917 2179 996 2242 hrte
1012 2176 1157 2242 miranda
1172 2173 1269 2241 struis

245 2259 318 2324 Dux
328 2275 455 2338 pugnae
469 2257 640 2342 legitimae,
918 2259 1236 2341 Conductoribusqne
1250 2256 1314 2322 tuis

246 2342 366 2410 Salutis
382 2342 597 2422 signaculum:
917 2343 1061 2409 Coelcste
1080 2343 1245 2424 palatium.

244 2425 356 2492 Mundi
371 2425 519 2508 prinecps
536 2429 665 2509 optime,
862 2431 891 2490 4.
917 2428 965 2493 Tu
981 2431 1180 2492 mortuorum
1194 2430 1308 2503 motor,
1395 2493 1399 2502 ,

244 2510 360 2574 Forma
375 2508 463 2592 pacis
482 2509 622 2591 intimae,
916 2513 1100 2578 Visentium
1113 2517 1287 2590 promotor,

244 2593 400 2661 Veritatis
415 2594 589 2677 speculum.
917 2595 1052 2660 Curator
1070 2594 1233 2675 debilium,

189 2676 218 2743 2.
238 2676 524 2756 Telncamafidei
916 2677 1227 2762 Abyssuslaetitiaa,

244 2761 528 2843 Persarutatorquc
545 2761 606 2827 Dei
916 2763 1036 2828 Dulcor
1051 2761 1219 2840 amicitiae,

243 2845 396 2912 Excelsus
412 2848 444 2911 in
460 2845 587 2928 gloria..
916 2845 1073 2912 Defensor
1095 2845 1245 2910 fidelium.

245 2928 405 3010 Stigmata
421 2929 496 2995 Iesu
511 2928 631 2996 Christi
862 2931 891 2990 5.
917 2931 1010 2996 Nunc
1024 2929 1076 3012 pia
1090 2947 1148 2994 nos
1162 2935 1263 3006 tuere,

242 3011 396 3078 Patenter
412 3013 551 3080 introist'
917 3015 966 3079 Ne
981 3015 1085 3096 possit
1099 3031 1157 3078 nos
1172 3015 1293 3078 1111111

243 3097 287 3162 Et
301 3114 378 3161 vera
392 3097 556 3179 mysteria.
918 3097 1076 3163 Malorum
1093 3096 1288 3172 adversitas;

188 3177 216 3236 3·
243 3181 291 3246 Tu
305 3180 460 3245 virtutum
474 3181 596 3260 radius
917 3181 982 3244 Tac
997 3199 1053 3246 nos
1068 3181 1174 3246 Iesum
1192 3193 1331 3255 cernere,

244 3263 313 3341 Quo
329 3265 461 3346 virginis
479 3263 563 3330 filius
919 3265 978 3342 Qui
995 3263 1066 3330 fons
1083 3270 1132 3331 est
1145 3265 1231 3329 vitae
1246 3277 1349 3339 verae,

241 3348 305 3414 Det
320 3349 438 3414 mundo
454 3348 623 3414 solatium:
917 3348 1106 3414 Sanctorum
1125 3349 1274 3414 suavitas

257 3472 280 3510 a.
300 3456 397 3510 Text.
433 3457 517 3510 Mona
536 3457 588 3511 No.
608 3457 661 3510 717
681 3459 716 3526 (3,
739 3457 800 3526 127)
828 3472 896 3511 auc:
920 3455 973 3510 Hs.
997 3471 1034 3510 zu
1058 3455 1097 3510 St.
1118 3455 1219 3511 (fallea
1237 3454 1288 3510 No.
1308 3453 1362 3508 olo
1389 3451 1483 3523 (Bram-
1601 3425 1602 3444 Χ

187 3527 254 3596 der).
274 3527 292 3580 f.
312 3530 373 3582 233.
393 3529 435 3580 15.
452 3526 552 3582 Jatrh.
571 3529 623 3582 mit
642 3529 692 3581 der
710 3525 841 3582 Malodie.

256 3614 283 3668 b.
301 3611 486 3668 Leaarten.
523 3618 549 3681 2,
568 3617 592 3670 5.
613 3619 742 3684 potenter
760 3613 813 3669 He.

256 3718 278 3757 o.
296 3701 451 3758 Bemerlc.
483 3701 570 3758 Uobar
588 3703 640 3756 dua
660 3700 857 3774 Rlcpthmiachc
872 3709 922 3758 etc.
941 3703 1049 3772 apricht
1064 3701 1181 3758 Bartsch
1199 3701 1228 3756 S.
1244 3703 1304 3755 184.
1324 3703 1385 3754 186.

376 4019 448 4080 431.
492 4013 534 4078 Ia
540 4015 626 4098 sesto
641 4015 863 4080 translationis
877 4017 980 4081 coacti
998 4013 1134 4080 17111111
1149 4015 1295 4096 apostoli.

210 4157 236 4215 1.
261 4149 360 4216 Adest
373 4150 469 4216 beata
483 4150 657 4226 solennitas
672 4150 774 4216 sancti
788 4149 928 4217 Thomae
944 4150 1082 4232 apostoli
1097 4168 1179 4215 nunc
1193 4148 1341 4214 fidelibus
1356 4149 1443 4214 data.

208 4239 237 4298 2.
259 4231 345 4314 Ergo
360 4239 469 4298 sancte
484 4233 605 4300 Thoma
619 4238 655 4298 tu
671 4251 729 4300 nos
745 4235 877 4316 dignare
897 4233 1104 4300 festivitatem
1120 4240 1208 4298 tuam
1224 4233 1400 4316 peripsum
1416 4229 1482 4295 fon·

119 4376 126 4386 .
337 4323 402 4382 fem
418 4319 542 4397 gratiae
557 4319 678 4384 sincere
692 4337 817 4402 semper
832 4319 1003 4384 celebrare.
1075 4355 1077 4362 ·

205 4407 234 4468 3.
258 4401 329 4467 Iesu
345 4399 499 4467 salvatori
513 4402 567 4481 qni
581 4401 629 4465 vis
644 4405 808 4482 commori,
831 4405 885 4484 qui
907 4402 1042 4484 tetigisti
1061 4401 1147 4466 latus
1171 4401 1326 4466 clamans:
1349 4399 1438 4466 Deua
1453 4401 1484 4464 et
1601 4437 1602 4444 a

337 4484 510 4549 Dominusi
534 4501 708 4566 agnoscens
723 4505 797 4552 vare
813 4487 897 4552 hunc
911 4492 1141 4568 resurgentum.

207 4574 235 4632 4.
259 4567 304 4633 'fe
319 4568 447 4650 plenum
462 4565 525 4632 fide
541 4565 686 4635 Christus
700 4571 789 4636 misit
804 4570 835 4634 in
851 4570 984 4650 Indiam,
1000 4569 1175 4636 fabricares
1189 4567 1276 4650 quod
1291 4568 1406 4649 111111,
1429 4585 1484 4632 ren

335 4659 372 4720 ut
387 4651 558 4742 desiderat,
573 4653 628 4718 sed
643 4653 690 4718 ire
704 4653 867 4720 formidas.
