3240 5224
185 393 215 462 6.
233 389 296 458 Hic
308 386 407 456 iulart
420 387 558 454 Ioannes
573 384 656 468 Regi
858 393 887 454 7.
906 384 1299 454 Rerillectuseteiectus

233 474 349 557 Turpe,
365 471 556 540 contradicis
570 470 650 554 Legi
906 472 1009 539 Extra
1026 470 1264 549 continentiam,

234 558 333 642 Turpi
349 557 522 624 adulterio:
908 557 961 624 Sic
975 556 1118 640 puellae:
1141 554 1230 631 Pete,
1245 554 1328 620 valle

234 643 300 710 Nec
315 642 445 722 exlege,
461 659 676 707 necexmore
908 641 1011 706 Toum
1027 641 1137 706 statim
1152 637 1277 704 faciam.

232 725 357 792 Fratris
372 731 479 808 potest
490 743 561 791 cum
574 743 674 792 uxore
859 727 890 790 8.
910 723 1109 790 Consultrice
1124 722 1279 804 genitrice

235 809 380 876 Oaroalis
394 809 586 875 commixtio.
908 809 995 874 Petit
1009 826 1081 904 cnm
1094 807 1248 904 instantia
1316 891 1322 904 Ι

186 958 216 1020 1.
235 951 296 1018 ms
312 955 346 1016 er
359 949 422 1016 uns
436 949 613 1031 inculcatis,
652 1008 656 1014 .
908 891 1259 1056 fissffifflffpffiffa
1273 907 1363 957 ⁰¹¹¹OE

235 1035 322 1100 Dum
336 1039 489 1100 causatur
503 1034 651 1132 1611111111
860 1061 1071 1127 bohemus
1104 1059 1286 1139 daemonis,
1326 1056 1467 1123 crudelis

235 1119 356 1184 Praeco
371 1123 482 1202 turpes
498 1123 643 1201 nuptras:
963 1143 1106 1226 regulus,

236 1200 625 1301 001]ῑῖ311ῑὸωὴήῦθῖ
909 1229 935 1296 Ο
970 1231 1067 1310 caput
1095 1226 1253 1308 Gorgonis
1281 1231 1314 1292 01
1340 1224 1466 1292 modis

235 1287 637 1368 Macbrnanturamborcr,
965 1311 1112 1378 cumulus
1597 1343 1598 1348 ,

235 1370 575 1452 11010101,Ηο1011101.
909 1397 1016 1464 Em„
1032 1395 1182 1460 muliere:
1597 1427 1598 1438 ,

188 1517 218 1580 5,
236 1513 315 1579 Dies
328 1511 501 1590 mutin,
856 1467 862 1478 '
908 1481 951 1547 Et
965 1479 1093 1561 quando
1110 1481 1223 1544 caveat
1244 1479 1369 1544 tantum
1390 1477 1466 1543 dae·

238 1597 308 1676 Quo
322 1595 470 1662 Herodes
485 1595 602 1678 impius
910 1563 1116 1713 Omonium,
1597 1621 1598 1630 ἵ

238 1681 343 1747 Natus
359 1687 419 1760 est,
434 1681 625 1747 revolvitur:
936 1666 989 1712 um
1024 1664 1137 1728 preces
1172 1644 1301 1710 valeant
1335 1644 1396 1710 hoc
1433 1649 1469 1709 et

237 1765 379 1832 Ornatur
392 1764 557 1848 palatium,
965 1731 1119 1796 ieiunium

238 1849 375 1916 Solenne
391 1849 568 1914 convivium

237 1932 388 1999 Tribunis
403 1933 583 1999 instruitur.

911 1813 987 1880 Sola
1001 1815 1147 1880 deiicere.

843 1895 891 1965 10.
911 1899 1065 1965 Sanctum
1079 1901 1176 1980 caput
1190 1895 1399 1962 detruncatur

909 1983 953 2048 Et
967 1984 1000 2048 in
1015 1983 1134 2048 mensis
1149 1985 1384 2062 praesentatur,

189 2075 218 2136 6.
238 2067 378 2135 Cantent
390 2067 424 2132 in
441 2065 594 2146 convivio,
909 2066 1073 2134 saltatrici
1089 2065 1287 2148 deportatur,

238 2151 344 2219 Saltat
357 2152 392 2216 in
406 2151 546 2232 tripudio
811 2229 813 2236 Α
910 2150 1009 2217 Caedi
1024 2151 1110 2217 cedit
1124 2149 1265 2232 cythara.

237 2233 366 2300 Foedae
380 2234 494 2300 matris
507 2231 590 2300 tilia:
910 2231 1330 2307 SanctePraecoveritatis,

237 2317 370 2390 Herodi,
386 2317 566 2383 Beronibus
913 2319 1045 2400 Stapro
1061 2313 1414 2399 nobishicprostratis,

239 2399 313 2467 Una
327 2401 454 2484 placent
468 2401 614 2466 omnibus
911 2404 955 2469 lit
970 2405 1011 2470 ad
1026 2421 1161 2485 regnum
1175 2401 1331 2467 claritatis

236 2485 525 2553 Lenaelenocinia.
911 2487 1011 2554 Nobis
1026 2489 1110 2554 viam
1125 2502 1291 2570 praepara.

237 2609 263 2651 a.
283 2592 377 2650 Text.
413 2593 515 2650 Daniel
532 2593 567 2664 11,
586 2596 647 2650 221.
666 2608 701 2652 ex
718 2592 780 2650 Act.
799 2595 891 2652 Sanct.
908 2595 970 2651 lun.
990 2594 1066 2652 Tem.
1085 2594 1133 2651 IV.
1152 2611 1178 2664 p.
1198 2597 1260 2649 708.

239 2683 266 2738 b.
284 2680 437 2738 Bemcrlr.
474 2681 556 2750 „Non
574 2681 680 2751 pigebit
697 2682 830 2738 lectorem
856 2681 941 2738 111111
959 2682 1098 2750 carminis,
1118 2681 1193 2750 quod
1210 2687 1239 2735 st
1256 2681 1421 2750 argumento
1441 2683 1470 2732 ct

167 2768 297 2812 versuum
314 2753 496 2811 collocatione
514 2753 630 2808 multum
648 2753 733 2810 habet
750 2753 962 2824 singularitatis,
979 2754 1064 2810 habet
1081 2753 1245 2824 1130110111ι
1259 2749 1395 2808 Daniel.

510 3027 582 3091 362.
625 3025 678 3092 De
698 3031 807 3095 0011010
830 3025 953 3094 Ioanne
974 3023 1138 3108 Baptista.

191 3156 693 3228 1.1noccursumPraecuraoris
862 3171 892 3231 4.
911 3158 1082 3225 Zacharias
1096 3175 1160 3223 101
1175 3155 1318 3222 admittit

240 3240 579 3324 Concurrenticordis,
596 3245 670 3326 oris,
911 3242 1100 3319 Gabrielem,
1115 3241 1190 3306 dum
1205 3237 1364 3324 promittit

241 3324 416 3392 (lurramus
432 3325 603 3408 obsequio:
910 3329 1070 3394 veterano
1085 3325 1203 3392 tilium:

237 3410 277 3476 In
291 3411 422 3476 lucerna
435 3409 506 3476 Lux
520 3409 680 3491 laudetur,
912 3409 1004 3488 Quod
1019 3415 1070 3476 est
1085 3412 1115 3476 ei
1129 3411 1174 3475 sic
1188 3424 1369 3491 repensum,

240 3493 641 3561 InPraeconeveneretur
912 3493 1006 3572 Quod
1021 3511 1175 3576 suspenso
1189 3493 1227 3558 fit
1241 3508 1433 3574 suspensum

238 3577 349 3659 Iudex,
365 3575 420 3643 Sol
435 3579 469 3644 in
483 3579 585 3644 radio.
724 3613 727 3616 ·
911 3578 1056 3660 Linguae
1070 3577 1291 3644 ministerium.

191 3667 220 3733 2.
239 3663 347 3730 Solem
362 3662 446 3728 solet
459 3662 662 3744 repentinum

238 3745 300 3812 Vel
315 3745 393 3827 quid
407 3745 529 3826 grande
542 3747 593 3812 vel
608 3747 750 3813 divinum
863 3751 892 3812 5.
912 3745 1005 3813 Subit
1019 3750 1154 3829 tempus,
1170 3743 1259 3812 videt
1272 3745 1394 3824 natum,

239 3830 366 3912 Vulgus
381 3847 478 3912 aegre
494 3847 624 3912 capere:
910 3830 954 3896 Et
968 3847 1123 3912 suspensa
1137 3829 1265 3911 loquela
1278 3833 1348 3894 tum

239 3913 347 3992 Quare
360 3913 454 3980 nobis
469 3913 627 3980 hebetatis
911 3913 1002 3980 Patri
1016 3913 1215 3979 restituitur:

239 3997 294 4064 Sol
310 3997 628 4080 supernaeveritatis
911 3997 1022 4064 Ruunt
1037 4015 1146 4064 eorum
1161 4002 1311 4079 parentes

238 4081 582 4148 Praeluxitinsidere.
913 4082 994 4148 Cum
1007 4082 1128 4158 vicinis,
1143 4082 1331 4160 nescientes,

191 4164 221 4231 3.
240 4165 304 4231 Hic
316 4183 509 4247 praecursor
524 4170 557 4232 et
571 4165 741 4248 Propheta,
911 4164 997 4246 Quid
1011 4165 1051 4232 de
1066 4183 1193 4234 sursum
1207 4165 1330 4246 geritur

238 4247 339 4315 Immo
355 4249 589 4332 Prophetarum
603 4256 699 4333 meta,

239 4331 319 4413 Legi
333 4351 454 4414 ponens
469 4334 657 4400 terminum:
864 4343 893 4404 6.
911 4335 983 4400 Non
998 4337 1049 4400 est
1062 4333 1117 4399 illo
1133 4333 1235 4399 maior
1248 4335 1345 4399 natus

240 4415 324 4482 Mira
340 4416 444 4498 coepit
457 4435 516 4498 per
531 4419 731 4499 applausum,
913 4417 1095 4487 Denatisc
1134 4419 1263 4484 semiue.

239 4500 363 4566 Ventre
376 4501 488 4566 matris
508 4501 637 4568 clausus
658 4502 797 4568 clausum
912 4501 977 4568 Sed
991 4501 1110 4570 necilli
1125 4503 1338 4586 comparatur,

240 4583 425 4652 Revelando
439 4585 612 4653 Dominum
914 4585 977 4665 Qui
991 4590 1086 4653 natus
1101 4603 1140 4654 er
1153 4585 1286 4669 Virgine
