3186 5254
616 360 764 428 -499
809 391 848 415 -·

155 541 247 602 Tati.
282 541 367 603 Mona
392 542 534 603 6681969
562 545 599 618 (8,
618 545 681 610 668)
709 560 776 602 aus:
811 541 865 603 Hs.
893 561 930 604 ru
947 543 989 603 St.
1009 541 1110 604 Galim
1136 544 1188 604 No.
1207 547 1268 604 888.
1293 562 1321 616 p.
1340 547 1385 604 69.

79 615 536 758 §.3'efflrssomgtuffirumfgssff'
554 645 589 660 -
607 617 709 675 Daniel
727 617 762 688 V,
779 619 815 675 49
832 617 884 676 hut
901 618 947 676 die
965 619 984 676 3
1003 625 1096 676 mrtem
1113 616 1211 748 Zeilerr
1229 633 1298 675 arur
1319 617 1385 676 Cod.

635 857 837 878 ι-ιι-ι-η

453 973 525 1042 788.
567 969 622 1042 De
641 993 668 1043 s.
693 971 852 1042 timaus
873 975 1023 1058 martyre.

85 1118 113 1182 1.
138 1105 369 1180 Laetabunius
760 1117 790 1180 4.
814 1106 951 1174 Cedrum
968 1106 1067 1173 altum
1083 1105 1198 1174 Libani

139 1192 232 1260 Nune
247 1199 335 1258 totus
350 1189 501 1258 decantet
514 1191 652 1264 mundus
815 1191 917 1271 Quam
934 1189 1102 1257 succidunt
1115 1191 1268 1272 montani,

139 1277 239 1346 Dulce
254 1275 371 1342 melos:
815 1275 1048 1342 Starsrident:

139 1361 235 1428 Miles
249 1357 397 1439 mundus,
816 1359 936 1427 Sunum
951 1358 1046 1425 huius
1059 1358 1205 1443 tympani

140 1443 242 1512 Sensu
257 1444 385 1510 coelesti
400 1441 586 1522 foecundus,
815 1443 893 1511 Cum
910 1442 1081 1508 advertunt
1095 1442 1210 1524 insani,

139 1528 247 1598 Intrat
260 1527 375 1596 coelos.
814 1528 920 1596 Dente
937 1527 1085 1597 stridant.

759 1613 789 1676 6.
815 1611 920 1679 Isaias
934 1610 1058 1688 cecinit,

86 1701 115 1765 9.
140 1693 464 1778 Nominsvineentii
817 1695 896 1764 Cum
911 1695 1079 1762 clamantis
1093 1693 1241 1761 meminit

142 1779 252 1847 Gradu
267 1777 405 1847 diaconii
815 1781 922 1854 Vocis,
937 1795 1020 1861 qnae
1035 1796 1099 1847 non
1114 1779 1234 1845 desiuit

140 1863 353 1946 Designatus:
814 1863 916 1946 Loqui
931 1881 1024 1929 vera:

140 1948 251 2014 vicem
267 1944 438 2014 sacerdotii
814 1947 852 2014 In
868 1948 963 2014 huius
978 1945 1176 2013 sermonibus

138 2030 225 2109 Fert„
243 2031 354 2099 doctor
372 2029 492 2115 eloquii
814 2031 859 2099 Et
872 2033 970 2097 meris
986 2029 1160 2097 virtutibus

140 2115 230 2186 Sacri
246 2116 352 2184 datus.
815 2115 924 2182 Currit
937 2117 1057 2182 sanctia
1071 2115 1206 2198 pedibus

814 2199 906 2267 Mens
921 2200 1054 2266 sincera.

86 2286 116 2352 8.
141 2280 231 2350 Sicut
245 2281 334 2350 sidus
348 2278 474 2348 radium
761 2283 790 2348 6.
818 2283 1127 2368 Vincentiprnpera,

140 2365 506 2449 Diffundenseloquium
815 2366 1115 2444 Farnuvavetera,

77 2475 78 2478 ¹
141 2451 323 2519 Gloriatur:
816 2448 864 2517 Ne
881 2449 1006 2517 deficiat
1020 2469 1099 2534 gens
1114 2449 1239 2517 misera.

140 2536 239 2604 Velut
252 2535 340 2602 sidus
354 2533 457 2614 radio,
816 2533 1172 2615 Durnosaduethera,

144 2617 197 2687 Sic
211 2625 333 2702 martyr
348 2615 502 2704 martyrio
816 2619 886 2696 Quo
901 2637 1015 2704 regens
1032 2620 1139 2686 sidera

141 2703 330 2771 Decoratur.
818 2701 891 2770 Stat
906 2722 976 2771 cum
992 2703 1115 2786 virgine
1128 2717 1296 2787 puerpera.

157 2809 254 2868 Text
289 2809 381 2868 Musei
398 2807 451 2867 uo.
471 2811 534 2869 669.
551 2807 580 2868 8.
598 2811 653 2869 896
670 2823 739 2868 aur:
766 2807 821 2868 Ha.
838 2827 877 2870 ru
893 2809 936 2869 St.
955 2809 1058 2870 Galles
1083 2811 1136 2872 No.
1155 2812 1208 2870 516
1230 2806 1388 2882 (Brandar),

86 2881 116 2943 8.
134 2885 178 2942 79.
195 2884 248 2942 snit
266 2881 317 2940 der
334 2880 466 2940 Mrlodis.

641 3029 842 3049 m

369 3149 441 3214 789.
482 3141 536 3214 De
555 3164 582 3214 s.
613 3143 773 3214 iinruriio
795 3145 890 3214 levita
909 3151 940 3214 ei
959 3149 1111 3232 martyre.

91 3292 118 3355 1.
139 3281 288 3353 Vincenti
301 3283 400 3352 rerbo
415 3283 476 3351 Dei
489 3286 591 3353 vineis
605 3285 689 3352 vires
704 3284 875 3370 serpentis,
1363 3363 1371 3378 ι

90 3375 119 3439 9.
141 3368 204 3449 Qui
219 3375 339 3437 statum
354 3369 493 3437 numinis
519 3367 618 3438 divini
633 3368 708 3434 dum
724 3375 756 3436 te
771 3369 928 3438 satellites
942 3368 1011 3436 eius
1026 3365 1208 3435 affecissent
1220 3367 1390 3432 tormenta

240 3453 350 3537 iniqui,
365 3455 495 3520 incestis
508 3453 632 3521 actibus
646 3453 807 3538 impingis.

90 3546 119 3610 8.
142 3535 319 3606 Suadentes
335 3537 461 3604 tibimet
476 3539 583 3606 verbis
605 3539 763 3605 toxicatus
784 3539 891 3622 speeie
913 3537 973 3606 sub
996 3536 1112 3618 mullis,
1134 3533 1287 3620 quatinus
1308 3530 1390 3601 diris

239 3623 380 3704 gentium
396 3624 489 3689 litare
504 3621 716 3706 spurcissimis
731 3622 939 3706 proficeretis.

95 3715 125 3778 4.
148 3705 280 3775 Maximi
299 3707 384 3788 regis
406 3711 590 3775 cunctorum
612 3713 811 3789 contemptor
829 3707 1055 3773 mandatorum
1077 3723 1115 3770 ac
1136 3703 1328 3785 exstitisses,
1357 3704 1392 3768 et

241 3794 352 3858 eontra
366 3789 498 3857 dimicas
514 3799 675 3858 auctorem
691 3791 772 3857 lutis
787 3799 912 3875 putrem
926 3791 1056 3874 eiusque
1070 3794 1190 3856 natum.

92 3878 123 3942 6.
145 3874 208 3956 Qui
223 3875 311 3942 solus
325 3891 363 3941 ar
377 3891 472 3942 verus
486 3879 535 3942 est
548 3875 636 3941 Deus
650 3876 822 3942 instantius
837 3881 871 3940 tu
887 3893 923 3940 es
937 3875 1106 3942 confessus.

91 3962 121 4024 6.
144 3959 192 4026 Ob
207 3959 267 4026 huc
281 3975 435 4037 certares,
456 3959 595 4041 ungulae
610 3964 703 4037 testa
721 3959 825 4026 lectus
839 3958 963 4026 ferreus
978 3963 1127 4026 arserunt
1140 3963 1174 4024 te
1188 3955 1390 4040 gaudentem.

92 4047 121 4109 7.
142 4042 180 4109 In
194 4043 244 4110 his
258 4043 371 4128 positis
385 4042 506 4110 obtutis
520 4042 621 4111 fessas
635 4061 748 4110 manus
762 4045 909 4111 lictorum
924 4044 1091 4125 minusque
1105 4046 1350 4108 tormentorum¹

91 4131 121 4194 8.
143 4125 205 4194 Hic
218 4131 251 4193 te
266 4134 429 4210 sumptum
443 4129 563 4194 saeculi
578 4129 717 4196 tenebris
731 4128 834 4195 credit
848 4126 976 4195 Christo
992 4127 1049 4194 des
1063 4125 1216 4192 solennia.

91 4217 121 4280 9.
143 4210 213 4290 Quo
228 4210 368 4363 cogentis
381 4212 522 4297 petimus
536 4213 662 4296 populis
681 4211 792 4294 iacias,
814 4211 898 4279 huuc
913 4229 985 4279 esse
1004 4213 1175 4296 placatum,
1197 4211 1298 4277 vietor
1318 4226 1391 4276 con·

242 4313 259 4363 s
295 4315 342 4364 us.

162 4400 262 4463 Text.
296 4403 377 4464 Mirr.
394 4404 521 4478 urgunt.
540 4404 619 4462 1607.

641 4625 842 4651 m
