3210 5230
681 221 911 284 -550—

218 399 244 452 b.
264 385 448 454 Lesartea.
485 403 510 454 2.
529 399 611 468 culpa
629 400 662 453 A.
682 428 715 438 -
735 401 760 452 7.
780 403 931 454 terrentem
950 395 1060 451 Β.-8.
1080 398 1202 467 gentium
1219 397 1362 454 ,AR-9.
1380 396 1448 456 tum

141 469 321 596 {asitha-:-
339 473 382 596 ΙΙὲ).
399 469 552 597 {2¹:133}
572 500 606 512 -
625 469 675 524 aad
695 477 757 540 post
775 469 827 524 hos
846 470 887 523 tui
906 467 1021 524 insidias
1040 467 1145 524 derina
1165 471 1198 523 A.
1220 499 1250 509 -
1268 473 1308 524 14.
1328 469 1370 523 tui
1388 483 1447 524 sea·

218 643 240 681 c.
260 627 411 682 Bemerk.
448 625 513 694 „Im
541 627 646 681 dritten
672 623 907 694 Doppeloersikel
934 625 1018 694 (eaelo
1035 625 1134 680 Mones
1154 623 1348 695 Eintheilanp,
1377 625 1448 680 oben

147 701 173 750 6.
192 701 221 766 7)
249 698 445 753 harmonicam
471 699 517 752 dir
543 697 640 752 beiden
658 697 764 751 Stollea
781 697 869 765 nieht,
894 697 943 751 cler
961 697 1058 752 1111111
1076 695 1183 750 Stolien
1202 699 1244 766 U)
1262 697 1362 754 1111111
1380 697 1447 751 ab.“

148 769 266 826 Bartsch
284 769 313 824 S.
331 773 392 826 125.
413 799 446 812 -
470 768 528 839 th.
548 767 600 824 Nr.
619 771 682 824 254.
701 771 761 824 778.
779 771 841 823 819.
859 771 922 822 820.
940 771 1001 822 821.
1020 769 1082 822 830.
1101 771 1163 823 832.

503 1087 574 1150 820.
617 1081 669 1148 De
691 1103 716 1148 s.
743 1083 926 1150 Kasmeine
946 1103 975 1148 o.
997 1087 1026 1148 et
1046 1103 1087 1148 m.

170 1231 197 1290 l.
221 1225 288 1289 Ave
302 1219 467 1304 praeclara
483 1217 665 1297 catharina,
681 1235 754 1284 nam
769 1223 826 1283 tua
840 1223 951 1283 tenera
965 1221 1016 1284 est
1030 1217 1096 1282 rita
1111 1215 1391 1290 crudelitertorta.

169 1315 197 1374 2.
220 1307 311 1388 Euge
325 1304 412 1386 regis
427 1309 512 1384 nata,
530 1303 665 1368 Domino
679 1307 783 1384 grata,
797 1319 876 1368 aero
891 1301 1007 1384 puerili
1022 1301 1115 1368 senili
1127 1301 1213 1366 culta
1228 1301 1336 1366 studio
1351 1319 1445 1382 prae·

296 1388 394 1468 ludio,
408 1405 532 1453 morum
548 1385 669 1452 doctrix
681 1387 846 1452 bonorum.

169 1481 197 1540 3.
222 1476 319 1555 Virgo
339 1473 420 1554 legis
442 1471 575 1537 formam
601 1471 744 1550 rectique
765 1488 908 1535 normam
931 1469 1057 1552 capiens
1079 1473 1202 1535 mature
1217 1467 1345 1535 loturae
1360 1469 1447 1535 ritae

298 1557 411 1622 sitiens
425 1555 577 1621 abiiciens
592 1571 674 1618 vana
688 1553 752 1618 iam
766 1554 913 1620 sensibus
928 1571 1017 1620 cana.

168 1649 198 1709 4.
222 1643 266 1708 Te
281 1641 396 1706 domus
410 1639 519 1722 patris,
543 1643 576 1704 te
597 1636 731 1720 supplex
744 1641 814 1704 tota
828 1637 938 1703 matris
953 1636 1151 1718 recognoscit
1164 1635 1345 1717 haeredem,
1369 1637 1447 1704 urbs

297 1723 491 1790 Alexandria
504 1722 564 1788 tibi
580 1723 713 1806 praebet
731 1721 849 1788 sedem.

169 1817 198 1876 1.
219 1807 264 1874 Te
278 1807 496 1875 conflicturam
512 1805 658 1872 Christus
673 1824 712 1871 en
726 1803 994 1887 triumphaturam
1015 1821 1127 1871 saeros
1142 1801 1250 1870 hostes
1264 1805 1446 1888 praescivit,

297 1891 416 1959 idcirco
430 1897 463 1958 te
477 1909 567 1956 suam
583 1889 724 1972 pugilem
740 1889 882 1954 munivit.

169 1983 197 2044 6.
220 1977 269 2044 Tu
283 1995 402 2059 agnum
417 1975 496 2040 coeli
510 1993 648 2056 sequens
662 1973 756 2038 corde
778 1971 873 2050 fideli,
895 1969 970 2036 dum
986 1971 1140 2038 Maxentii
1160 1973 1336 2040 contemnis
1357 1972 1445 2038 iuro·

297 2079 358 2136 res,
373 2064 530 2144 martyres
545 2075 701 2142 superans
715 2055 793 2123 iacis
808 2057 964 2121 doctores.

169 2153 198 2212 7.
220 2143 331 2227 Tuque
345 2143 503 2210 furentem
518 2149 632 2220 rotam,
658 2147 752 2224 teque
766 2146 938 2206 terrentem
964 2139 1113 2206 deiieicos
1134 2145 1167 2207 ct
1181 2157 1333 2224 spernens
1347 2157 1446 2224 paga-

297 2247 364 2308 nos,
379 2229 413 2292 in
427 2225 489 2292 fide
505 2225 650 2291 solidasti
666 2225 865 2290 christianos.

169 2319 198 2380 8.
222 2313 305 2378 Hinc
326 2310 468 2394 gentium
484 2309 548 2374 dux
562 2309 768 2388 convertitur,
791 2327 883 2390 quem
906 2307 1016 2389 regina
1038 2309 1171 2374 credens
1193 2311 1347 2392 sequitur,
1370 2309 1444 2374 dum

298 2396 483 2476 obsequitur
503 2395 719 2460 incameratae
739 2391 898 2458 coelorum
919 2397 1027 2457 coetus
1046 2391 1103 2458 tibi
1124 2393 1226 2458 victor
1247 2395 1371 2474 beatae,
1394 2395 1444 2458 cui

298 2477 452 2544 Dominus
461 2477 550 2542 Iesus
559 2475 706 2542 Christus
722 2493 889 2558 apparens,
905 2473 1086 2541 confortans
1101 2481 1133 2542 te
1148 2477 1361 2543 nihilominus.

170 2570 198 2630 9.
222 2563 305 2630 Hinc
324 2581 441 2628 manna
462 2579 570 2626 verum
593 2561 651 2626 tibi
673 2561 819 2626 redditur
838 2559 952 2638 oranti,
973 2559 1048 2624 dum
1068 2577 1129 2624 vox
1151 2561 1237 2626 coelo
1258 2562 1397 2627 mittitur
1412 2567 1444 2626 et

297 2647 504 2730 promittitur,
519 2663 576 2728 pro
591 2643 707 2727 quibus
722 2661 794 2708 oras
808 2645 948 2710 solamen
964 2643 1072 2724 sicque
1088 2643 1244 2710 decollata
1255 2645 1338 2710 lacte
1353 2659 1444 2711 roras

296 2731 370 2797 hinc
385 2729 570 2796 subveheris
585 2729 833 2810 angelorumque
847 2729 989 2792 manain
1005 2733 1112 2794 monte
1129 2727 1205 2793 Sina
1225 2729 1403 2811 deponeris.

151 2821 196 2885 10.
221 2815 284 2881 Fac
304 2815 423 2881 iontem
440 2815 522 2892 viva,
550 2831 643 2894 quem
659 2818 696 2878 ut
711 2812 794 2878 oliva
809 2810 915 2876 iundis
931 2829 970 2876 ex
985 2811 1085 2878 lesira
1099 2817 1300 2895 peccatorum
1315 2812 1445 2878 vulnera

298 2917 410 2965 curare
425 2915 545 2979 nosque
560 2896 709 2978 solidare,
732 2915 771 2962 ne
791 2913 988 2979 superemur,
1011 2897 1067 2962 sed
1087 2913 1144 2979 per
1160 2897 1331 2962 terminum
1345 2898 1441 2964 victo·

298 2985 378 3050 riam
392 2999 587 3048 coronemur.

150 3074 198 3134 ll.
221 3069 284 3134 Fac
297 3067 363 3151 igni
378 3065 446 3133 iero
461 3085 518 3132 nos
533 3071 566 3132 et
581 3083 691 3132 severo
705 3081 767 3128 nou
783 3062 878 3144 tradi,
895 3061 950 3128 sed
965 3083 1040 3130 vero
1056 3065 1226 3130 reconcilia
1236 3083 1294 3130 nos
1309 3064 1444 3130 creatori

298 3153 388 3231 daus,
414 3155 450 3218 ut
471 3149 658 3233 temptaturi
679 3165 742 3212 non
762 3146 1012 3228 succumbamus,
1039 3149 1095 3214 sed
1118 3151 1298 3215 nocentium
1314 3147 1444 3216 insidias

297 3237 509 3302 devincamus.

152 3323 198 3382 12.
222 3320 305 3384 Audi
320 3337 388 3400 nos,
404 3337 476 3384 nam
491 3323 524 3383 te
538 3317 693 3384 Dominus
709 3331 857 3398 sponsam
873 3333 962 3382 snam
977 3315 1122 3382 honorat.

151 3407 197 3466 13.
221 3399 318 3468 Salva
332 3421 390 3468 nos
405 3401 488 3482 Iesu,
503 3419 562 3486 pro
577 3401 693 3483 quibus
708 3398 880 3466 Catherina
893 3405 927 3464 te
942 3407 1022 3466 orat.

151 3491 197 3550 14.
221 3485 271 3553 Da
284 3485 405 3553 iontem
420 3487 467 3554 tui
481 3485 593 3552 leteris
609 3502 667 3550 nos
683 3482 852 3549 emendare
888 3485 994 3549 enitus
1008 3504 1028 3550 a
1042 3483 1115 3550 labe
1130 3485 1267 3552 sceleris.

150 3571 197 3634 15.
221 3569 290 3646 Quo
304 3571 420 3636 hausto
435 3569 654 3652 indulgentiae
669 3567 822 3633 docemur
836 3504 887 3634 adp
893 3567 1041 3634 coelestia
1055 3587 1151 3634 mauu
1167 3567 1363 3636 clementiae.

150 3655 197 3719 16.
221 3653 481 3720 christianissimi
502 3653 619 3719 donum
639 3651 769 3718 laeuos
789 3652 907 3717 bonum
922 3651 1093 3732 custodire,
1116 3659 1211 3736 teque
1225 3653 1271 3719 sic
1286 3651 1386 3736 sitire,
1409 3655 1443 3715 ot

258 3745 261 3757 '
295 3753 475 3804 mereamur
488 3742 563 3822 post
578 3735 716 3816 exilium,
734 3739 854 3816 auctor,
869 3733 911 3800 ad
925 3743 958 3802 te
972 3737 1117 3803 transire.

218 3863 244 3901 a.
262 3845 357 3902 Text.
393 3845 472 3903 Miss.
490 3845 617 3916 Mogont.
638 3847 715 3901 1507.
754 3875 785 3886 ·-
823 3843 923 3902 Daniel
942 3843 977 3916 11,
997 3847 1048 3902 189
1072 3846 1121 3900 irat
1141 3845 1186 3900 die
1205 3847 1224 3900 2
1241 3849 1332 3900 cretea
1349 3841 1443 3897 Zeilen

148 3932 200 3971 aar
219 3917 279 3971 deas
297 3918 376 3972 Miss.
395 3917 547 3989 Numburg.
571 3921 647 3973 1517.

219 4005 244 4059 1.
263 4003 417 4061 Bersera.
459 4005 518 4077 Vqr.
538 4003 590 4061 Nr.
609 4007 671 4059 254.
691 4007 751 4060 778.
769 4007 832 4060 819.
850 4007 912 4060 sao.
931 4007 991 4060 ser.
1011 4005 1072 4058 sao.
1091 4005 1152 4058 sse.

698 4149 798 4156 ..--...
807 4149 888 4156 .,--.,-

506 4267 577 4328 821.
621 4261 674 4328 De
694 4283 720 4328 s.
743 4261 925 4328 Katre-ina
944 4282 973 4326 v.
995 4265 1024 4327 et
1044 4281 1085 4328 m.

171 4399 196 4458 l.
219 4394 286 4458 Are
300 4392 465 4475 praeclara
478 4395 662 4476 margarita,
677 4413 751 4462 nam
766 4402 823 4461 tua
837 4400 949 4460 tenera
962 4398 1013 4459 est
1026 4394 1093 4460 vita
1107 4393 1280 4458 crudeliter
1293 4397 1389 4458 torta.

169 4477 311 4560 tange
335 4477 424 4559 virgo
448 4476 584 4558 Christi,
610 4485 643 4543 te
668 4480 883 4561 praesentasti
908 4478 950 4544 ad
975 4495 1087 4543 manus
1111 4483 1276 4557 cruentas,
1301 4483 1339 4543 ut
1363 4475 1443 4542 irlss

297 4563 603 4636 numinaostondaa
618 4563 704 4644 quod
719 4581 781 4630 nen
797 4565 840 4630 sit
853 4563 886 4628 in
900 4559 951 4628 his
967 4562 1065 4648 salus,
1081 4561 1252 4654 affirmans.
1280 4645 1284 4652 ῃ
