3186 5254
668 245 899 312 ..437-

135 425 189 488 12.
222 417 429 506 Sedalcnge
444 423 585 490 cernitur
598 426 712 494 ciuus
726 427 760 493 in
774 431 891 508 monte,

220 505 299 586 Insa
311 503 437 574 discam
453 509 559 574 omnia
573 507 613 574 de
628 511 783 578 virtutum
797 509 894 593 lente,

220 589 316 656 Illum
330 590 398 656 sedi
412 589 556 674 praeficit
569 592 735 676 Rubigene
749 600 873 678 sponte,

220 672 357 755 Mystico
372 675 556 742 charactere
571 678 758 761 consignata
774 677 887 746 lronta.

136 779 188 842 13.
221 771 338 841 Factus
353 781 460 842 custus
476 777 582 844 crium
597 778 744 844 dominici
759 781 877 862 gregis,

223 856 351 939 Cogitat
365 861 568 942 parabolam:
589 862 694 930 Homo
709 861 770 943 fac,
789 864 874 945 qued
888 863 984 944 legis!

221 941 343 1009 Summi
357 949 470 1010 terem
484 945 637 1028 sagittam
649 947 874 1014 mandatorum
887 949 985 1028 regis,

220 1025 282 1092 Pro
297 1026 348 1092 hie
363 1029 454 1111 ponit
466 1029 605 1096 animam
620 1031 807 1098 adverbum
822 1031 911 1113 legis.

136 1128 187 1191 14.
221 1125 271 1192 Nc
284 1125 353 1194 lara
368 1129 544 1196 beatarum
558 1131 689 1198 incursu
702 1131 881 1211 laedantur,

220 1207 283 1276 Sed
297 1218 335 1276 nt
348 1217 418 1278 tute
433 1231 504 1279 cum
519 1213 624 1281 salute
639 1215 767 1282 dominc
781 1215 967 1292 reddantur,

218 1293 415 1362 Fridericum
428 1297 591 1366 inimicum
606 1297 676 1364 dira
694 1299 935 1366 comminantem

218 1377 381 1461 Mitigarit
394 1385 428 1446 et
442 1383 582 1462 signavit
595 1383 700 1465 ipsum
714 1383 939 1467 postulantem.

136 1483 187 1544 15.
220 1478 305 1546 Dum
319 1479 352 1546 in
367 1481 434 1547 vite
448 1479 579 1548 definita
596 1489 726 1550 sanctum
739 1484 803 1550 iste
817 1483 914 1565 degit,

218 1561 322 1630 Multa
336 1565 428 1646 signa
442 1565 503 1632 Dei
518 1566 615 1650 digna
628 1568 748 1634 virtute
763 1568 895 1652 peragit,

218 1645 337 1714 Fessus
351 1649 469 1716 mundo
484 1665 556 1716 cum
570 1649 705 1718 iocunde
720 1667 852 1718 occursu
867 1656 1050 1718 sanctarum

218 1729 257 1796 In
271 1731 332 1797 hac
346 1731 397 1799 die
411 1733 536 1801 scandit
548 1735 601 1818 pie
615 1735 740 1802 moenia
752 1735 921 1802 coelorum.

136 1833 187 1897 16.
220 1827 279 1897 Oui
292 1831 363 1898 laus
379 1837 413 1899 et
427 1833 531 1914 'gloria

218 1912 267 1981 De
280 1915 391 1983 mundi
405 1917 549 2000 victoria,

217 1997 266 2064 De
281 1999 373 2068 nobis
389 2003 542 2068 memoria

219 2079 289 2149 Sibi
304 2085 347 2150 sit
360 2101 420 2166 per
437 2085 543 2154 omnia

219 2165 426 2234 saeculorum
441 2169 579 2236 saecula.

206 2271 299 2332 Text.
336 2277 438 2332 Daniel
456 2277 490 2346 V,
510 2279 561 2334 155
579 2277 630 2334 tat
648 2277 693 2334 rite
711 2282 736 2334 1.
755 2275 833 2333 Zeila
850 2293 903 2335 aaa
922 2278 983 2334 desa
997 2277 1062 2334 Ocri.
1073 2279 1100 2336 S.
1110 2279 1181 2336 Gall.
1199 2279 1316 2337 rtoutc
1335 2279 1432 2350 (Bran-

135 2343 204 2415 dar).
240 2343 464 2418 marcescere
481 2347 621 2405 cerdaniae
637 2349 684 2404 aaa
700 2347 739 2406 H.
756 2345 856 2408 Marci.
874 2377 909 2393 -
933 2349 996 2407 Dar
1014 2348 1085 2408 strat
1103 2351 1144 2408 itt
1159 2351 1248 2408 eota
1266 2349 1377 2409 Fama.
1397 2381 1431 2394 -

135 2419 162 2486 a,
183 2420 207 2473 1.
224 2416 275 2474 aaa
293 2417 339 2474 aar
355 2419 408 2476 11³.
426 2421 498 2480 vox.
535 2423 577 2492 15,
595 2424 622 2478 a.
640 2419 733 2480 amn.

684 2611 881 2625 W

485 2789 557 2854 ⁷22.
599 2784 652 2852 De
672 2805 698 2852 s.
723 2777 913 2852 tluommo
936 2789 1085 2871 martyre.

141 2923 168 2984 l.
193 2918 332 2990 Trinitas
346 2923 380 2989 in
394 2921 529 2996 unitate,
862 2918 1158 2987 Ouilecitiusidias

191 3003 307 3073 Unitas
318 3005 353 3072 in
367 3007 513 3073 trinitate
861 3001 906 3070 Et
920 3003 1022 3070 reales
1037 3001 1180 3070 muamus

192 3087 285 3156 Nunc
299 3097 332 3156 et
346 3107 473 3174 semper
491 3095 677 3156 veneretur:
863 3085 1301 3184 cumanaperpessagenta.

191 3173 272 3251 Hoc,
287 3173 371 3257 quod
385 3173 474 3240 Deus
488 3179 548 3252 eat,
561 3189 621 3240 nos
634 3174 760 3256 scimea,
807 3173 836 3236 5.
862 3169 973 3236 Virtus
986 3169 1048 3235 Der
1063 3175 1224 3252 operatur,

192 3257 254 3336 Qui
268 3266 320 3326 eat
332 3258 464 3325 ultimus
479 3263 512 3324 et
526 3257 656 3340 primus,
861 3252 929 3350 Ista
942 3259 1066 3336 martyr
1082 3252 1282 3350 ccnlcrtatur

193 3339 625 3423 Summus,imusa‹lcrctur.
860 3335 948 3403 Drrrs
962 3340 1131 3402 tormentis
1146 3340 1287 3418 pesitus:

138 3424 166 3486 2·
191 3427 260 3494 Iste
274 3432 405 3492 sanctus
419 3431 469 3491 est
483 3423 660 3508 presbyter,
862 3417 962 3517 Sacra
975 3419 1093 3517 decens
1106 3418 1292 3502 eloquendo,

192 3509 253 3585 Qui
267 3508 405 3575 maeatis
419 3509 554 3592 praebet
567 3509 639 3588 iter,
860 3504 922 3570 Dei
935 3509 1019 3570 ritus
1032 3520 1079 3570 erc
1095 3501 1237 3600 docendo

190 3591 459 3675 Hicperstatum
472 3592 664 3659 militantem
860 3585 1077 3653 Nosavisavit
1094 3587 1237 3656 coelitus.

191 3673 259 3740 Deo
274 3679 377 3741 totum
393 3693 427 3740 sa
441 3674 600 3756 submisit,
806 3671 834 3732 6.
861 3669 1026 3738 Gellianus
1042 3676 1076 3737 et
1091 3669 1281 3767 Germanus,

191 3757 394 3824 Deiritusat
411 3758 519 3824 divisit
860 3752 1003 3821 Graecus
1018 3755 1073 3837 qui
1087 3761 1138 3820 eet
1151 3753 1352 3834 christanus,

191 3839 328 3925 Propter
342 3842 441 3908 vitam
458 3841 716 3924 triumphantem.
860 3837 903 3903 Et
917 3839 1020 3904 omnis
1035 3837 1264 3918 christianitas,

24 3935 27 3940 “
139 3919 166 3982 3·
191 3924 278 4008 Ergo
293 3923 411 3992 Caesar
426 3923 568 3990 Iulianus
859 3921 983 3988 Iubilec
998 3920 1092 3988 corde
1106 3925 1208 4001 tonat,

190 4007 540 4092 Apcstatafideranus
859 4003 1108 4072 Dehccsanctc
1123 4009 1232 4100 sancta
1246 4007 1338 4070 tcnat

189 4091 624 4176 Inhunclurivitprimitus,
673 4109 679 4120 ·
859 4087 981 4154 Fidelis
995 4105 1033 4154 ac
1047 4087 1240 4154 humamtas.

188 4177 602 4258 Romanorumimperator,
805 4172 833 4232 t.
860 4170 1074 4238 Theodericus
1088 4171 1157 4252 pati
1173 4171 1291 4250 velens,

189 4259 593 4338 Persecutcr,diilamatcr,
859 4254 909 4320 Dc
922 4271 986 4320 non
999 4253 1072 4320 fidis
1086 4253 1169 4344 lidus
1183 4253 1303 4352 dolens,

189 4343 588 4425 Ranccremsuisniritus.
859 4336 1357 4436 Namnesciuntquidlacruut:

137 4421 164 4483 4·
188 4424 638 4511 lnfugamdetchristr'cclas
859 4419 1243 4518 Titulumdcscrupsrters
1291 4507 1298 4519 Ι

188 4511 268 4580 ‘lam
282 4512 407 4580 accolas
421 4529 518 4594 quam
531 4507 651 4576 incolas
860 4503 1076 4574 Christianum
1091 4506 1328 4604 sanctaellegrs,

189 4595 385 4665 Theoderico
398 4599 622 4681 permanente:
860 4587 963 4668 Quam
976 4591 1069 4658 multi
1084 4592 1131 4658 sic
1144 4593 1328 4673 respuerunt
