3266 5222
663 313 892 376 -177-

152 501 181 564 4.
204 493 403 578 Fungebaris
417 494 570 578 obsequio
585 497 718 578 placide,
745 515 816 564 oum
829 497 980 580 peperisti
1000 498 1153 580 angelico,
1174 515 1268 580 quem
1282 498 1431 581 genuisti,

230 666 236 678 ι
281 579 366 677 lilius
380 581 441 646 tibi
456 581 617 678 applausit
631 582 724 647 uultu
739 581 860 648 hilaris.

153 663 550 762 661166116116666111
575 665 669 730 hodie
695 665 807 732 orbata
833 671 935 732 mater
960 667 1084 746 solatio,
1115 685 1198 743 cum,
1215 667 1432 734 dulcissimam

281 747 406 828 gladius
420 755 508 814 tuam
522 750 730 830 pertransivit
743 751 891 816 animam.

153 836 181 897 6.
204 832 305 981 Quam
321 833 856 984 elilsstteirirffxtiiacffrtreoiiztrtilxquando
876 835 1056 916 passionem
1078 835 1254 902 innocentis
1277 834 1333 900 filii
1359 853 1431 902 eon·

727 939 748 984 1.

153 1006 181 1065 7.
205 999 267 1066 Cor
281 937 394 1066 matris
408 937 518 1068 lanceya
532 999 596 1066 filio
610 1008 737 1068 mortuo
752 1001 920 1082 transfixit,
936 1004 1117 1084 passionem
1133 1001 1217 1068 lilius
1233 1003 1309 1068 dum
1324 1009 1432 1084 gusta·

279 1087 326 1150 vit
340 1102 481 1168 corpore,
497 1091 600 1151 mator
617 1087 733 1152 anima.

152 1176 182 1236 8.
203 1169 373 1250 Nunquam
389 1171 487 1235 sensit
501 1169 616 1252 aliquis
630 1176 753 1252 martyr
768 1175 804 1236 ut
819 1173 922 1234 mater
936 1169 1073 1246 Domini,
1099 1175 1230 1253 propter
1245 1173 1330 1251 quod
1344 1173 1432 1252 plus·

280 1271 376 1336 qnam
390 1260 512 1336 martyr
526 1253 619 1318 auria
634 1257 786 1320 sustinuit
800 1259 903 1320 mater
917 1255 959 1334 iu,
975 1253 1059 1334 quod
1074 1271 1150 1320 suus
1165 1253 1260 1320 111116.

153 1347 182 1407 9.
205 1337 342 1420 Oqaam
356 1339 458 1404 tristia
481 1343 514 1404 ot
534 1335 650 1404 afflicta
671 1335 732 1404 tuit
752 1339 808 1404 illa
830 1338 997 1404 benedicta
1013 1341 1115 1433 mater
1130 1338 1296 1434 anigeniti.
1340 1337 1431 1416 Quod

280 1423 445 1488 moerebat
458 1427 491 1488 et
506 1423 646 1500 dolebat,
664 1424 843 1505 perpendat
856 1423 916 1488 hoo
930 1439 1060 1504 quaevis
1074 1423 1221 1502 gemtrix.

35 1503 40 1514 '
134 1510 181 1571 10.
202 1507 286 1572 Audi
301 1524 367 1587 nos,
383 1512 474 1572 tuum
489 1505 580 1572 nobis
594 1507 687 1588 placa
701 1505 809 1572 lilium.
840 1506 866 1572 Ο
881 1505 993 1584 Maria,
1010 1505 1109 1570 nostri
1129 1523 1226 1572 eausa
1240 1525 1356 1588 passus
1371 1513 1431 1588 est,

281 1608 321 1655 16
336 1593 408 1672 quis
423 1597 535 1674 pereat
548 1589 722 1656 frustratus
736 1597 839 1656 morte
855 1608 921 1656 sua.

132 1677 180 1737 11.
204 1673 300 1740 Salva
327 1692 396 1754 nos,
425 1692 561 1756 namque
586 1675 690 1756 aegris
716 1673 824 1741 confer
848 1673 1013 1754 medelam,
1039 1673 1114 1738 lesu
1138 1673 1228 1752 bone,
1257 1679 1292 1741 tu
1316 1676 1431 1744 novisti

279 1759 395 1840 omnia,
411 1762 466 1824 tuo
481 1758 635 1840 sanguine
649 1776 726 1824 cura
740 1759 854 1824 mentis
871 1759 1012 1823 vulnera.

133 1845 181 1906 12.
203 1841 263 1908 Eia
287 1848 389 1910 mater
414 1843 539 1922 nobilis,
566 1861 661 1924 quam
686 1844 903 1910 vehementem
930 1842 1070 1906 dolorem
1095 1845 1295 1922 gustaveras,
1324 1849 1431 1910 tamen

279 1927 363 1992 huno
377 1933 435 1994 tua
448 1927 510 1994 lide
525 1933 715 2010 temperans.

132 2013 181 2074 13.
203 2009 275 2074 Filii
299 2013 486 2109 martyrium
507 2012 663 2096 passionis
684 2010 743 2077 tibi
763 2026 924 2092 nunquam
947 2009 1051 2088 latuit,
1075 2026 1148 2074 nam
1168 2009 1201 2074 11
1223 2015 1256 2076 ta
1271 2009 1340 2076 sola
1353 2009 1432 2076 fides

130 2183 180 2242 14.
204 2100 407 2277 Laugal’lgttri
435 2179 565 2260 gloriae,
595 2179 649 2276 qui
675 2197 736 2276 auo
764 2177 829 2243 filio
859 2197 920 2242 non
946 2179 1099 2260 pepercit,
1132 2177 1188 2243 sed
1213 2177 1348 2244 tradidit
1372 2195 1431 2261 pro

173 2303 179 2324 .
280 2281 418 2329 omnium
433 2269 578 2330 nostrum
594 2264 789 2328 crrmmrbus.

130 2350 180 2410 15.
203 2345 478 2497 161ἷ61161111ῒο,
504 2348 559 2429 qui
581 2365 640 2412 suo
663 2348 816 2428 sanguina
830 2364 887 2412 nos
903 2345 988 2429 patri
1007 2345 1179 2413 concilians
1194 2345 1430 2430 6116111661νί-

303 2449 340 2498 us
355 2449 442 2497 sorra
453 2477 465 2496 ..

130 2516 180 2578 16.
202 2512 287 2580 Laus
303 2517 346 2581 sit
359 2534 486 2598 quoque
501 2517 619 2582 Sancto
634 2515 776 2598 Spiritui.

130 2603 179 2662 17.
202 2598 287 2664 Laus
301 2617 427 2682 qnoque
443 2600 546 2681 matri,
563 2617 644 2682 quaa
659 2597 806 2665 condolet
823 2597 980 2664 crucifixo.

200 2723 225 2761 a.
245 2705 341 2762 Text.
377 2707 454 2766 Miss.
472 2707 644 2764 Halberstat.
666 2713 731 2764 1511
753 2708 807 2778 (A),
826 2707 951 2776 mogunt
973 2710 1041 2764 1602
1060 2709 1112 2780 (13).

200 2795 225 2850 b.
245 2793 429 2851 Leaarten.
466 2799 492 2851 9.
510 2797 657 2854 benedicta
674 2798 799 2853 merebat
817 2803 846 2851 at
864 2795 976 2854 dolebat
994 2802 1083 2852 mater
1107 2796 1252 2867 unigeniti,
1276 2795 1430 2865 perpendat

126 2868 162 2922 A.
182 2897 216 2908 -
237 2869 278 2922 16.
298 2883 359 2938 sup.
378 2869 427 2923 civ.
447 2883 501 2924 soc.
515 2869 591 2938 fehlt
609 2870 642 2924 A.

412 3202 483 3262 226.
533 3195 690 3261 Planctus
718 3195 826 3261 beatae
853 3193 984 3260 Morino
1012 3193 1148 3276 arpinis

511 3307 539 3361 11
557 3307 689 3376 passione
707 3305 758 3360 fllii
777 3306 821 3360 sui
839 3304 942 3359 domini
961 3304 1056 3359 nostri.

129 3437 157 3494 1.
184 3427 336 3492 Planctus
351 3433 427 3493 ante
442 3429 559 3507 nescia,
802 3431 831 3490 4.
857 3424 931 3490 Flos
947 3423 1070 3500 florum,
1086 3423 1150 3488 dux
1164 3441 1288 3488 morum

183 3513 318 3577 Planotu
332 3511 444 3590 lassor,
462 3513 556 3578 anxia
856 3509 1083 3586 Veniaovena,

183 3595 315 3661 Cruoior
330 3593 455 3660 dolore:
856 3591 957 3670 Quam
974 3589 1241 3672 11111611616116

184 3679 514 3745 Orbatorbamradio
856 3677 917 3742 Est
932 3675 990 3740 tibi
1009 3673 1128 3758 poenal

182 3763 236 3828 Ma
251 3761 366 3828 iudaea
381 3761 446 3828 filio
582 3809 587 3819 .
802 3764 829 3824 5.
854 3759 940 3824 Proh
956 3759 1055 3838 dolor,
1070 3757 1143 3822 hinc
1158 3755 1244 3822 color

183 3845 308 3912 Gaudio
326 3845 464 3912 dulcore.
856 3843 980 3924 Effugit
996 3844 1068 3919 oris,

856 3928 940 3993 Hinc
955 3927 1029 4006 ruit,
1046 3925 1119 3990 hino
1134 3923 1205 3989 fluit

126 4019 156 4078 2.
183 4013 246 4078 Fili
261 4013 371 4078 dulcor
388 4015 487 4094 11116,
857 4011 952 4076 Unda
967 4009 1100 4074 oruoris.

184 4097 351 4178 Singulara
367 4097 529 4178 gaudium,
801 4097 830 4158 6.
856 4095 883 4162 Ο
900 4111 996 4175 quam
1011 4109 1084 4159 sero
1100 4090 1228 4156 deditus

183 4181 319 4247 Matrem
334 4181 463 4246 dentem
478 4180 599 4262 respice
856 4179 956 4255 Quam
973 4179 1036 4242 aito
1050 4193 1100 4240 me
1115 4174 1246 4252 deseris,

184 4263 357 4332 Conferant
371 4265 529 4331 solatium.
856 4263 994 4344 Oquam
1009 4260 1103 4341 digne
1119 4258 1245 4339 genitus

25 4379 27 4392 =
858 4341 1262 4423 Quamabieotemorerisl

26 4441 28 4498 ῗ
127 4439 158 4498 3.
184 4431 299 4498 Pectus
313 4437 451 4499 mentem
466 4433 587 4497 lumina
802 4431 830 4490 7.
857 4429 970 4511 Oquis
986 4447 1074 4494 amor
1090 4427 1232 4508 corporis

183 4514 252 4580 Tua
266 4521 416 4598 torquent
430 4517 571 4595 vulnera,
857 4513 925 4579 Sibi
939 4511 1048 4578 latita
1071 4512 1143 4590 olla,

183 4597 272 4675 Quae
285 4605 397 4680 mater,
412 4617 495 4682 quae
509 4599 628 4665 femina
857 4596 1031 4678 Oquamd
1066 4593 1269 4677 cispiguoris

183 4683 262 4750 Tam
276 4683 577 4752 lelixtammiseral
857 4681 960 4759 Quam
975 4677 1256 4760 amarapraemial

170 4789 274 4840 Kedreirt,
289 4787 422 4838 &quamam
1189 4780 1227 4841 12
