3210 5230
676 291 719 304 -
761 259 821 322 597
849 249 903 305 ’-

142 448 192 509 21.
215 443 406 591 Ergoltanto
421 441 537 510 festiva
551 445 647 510 laude
662 446 730 511 viro
746 445 884 527 psallens
899 449 1009 510 noster
1023 445 1209 511 solemnizat
1223 444 1338 512 chorus
1366 461 1440 510 voce

291 545 308 592 c
322 546 378 592 ara
392 545 558 594 consonus.

142 616 192 676 22.
216 609 262 677 Ut
274 630 332 694 par
347 611 415 678 eius
428 613 584 677 solemnia
606 613 774 678 tendamus
797 614 837 678 ad
860 631 993 678 amoena
1014 613 1165 695 paradysi
1180 611 1262 678 festa
1277 613 1316 678 de
1331 612 1440 678 muudi
1554 601 1558 606 ’

290 715 428 762 mrserra.

141 785 192 845 23.
213 779 361 862 Ludgerc
377 784 510 862 patrone
525 780 724 846 sanctissime
739 779 892 862 pontifex,
914 781 1085 864 suppedita
1106 780 1197 846 nobis
1212 799 1320 847 curam
1335 781 1367 846 in
1382 781 1440 846 hac

291 865 343 930 via
357 863 488 941 lubrica,
504 868 541 926 ut
555 881 612 928 nos
627 883 685 945 per
700 870 757 928 tua
771 865 951 929 muniamur
966 883 986 928 a
1000 865 1090 930 clade
1105 863 1265 945 suffragia.

140 951 189 1015 24.
213 947 275 1012 Per
301 965 382 1029 quae
407 967 464 1012 nos
490 965 617 1012 oramus
642 949 682 1011 ad
709 949 844 1029 patriam
871 949 955 1014 uitae
975 947 1094 1027 reduci,
1120 953 1157 1013 ut
1179 950 1301 1030 angelis
1326 948 1440 1014 sociari

289 1049 468 1096 mereamur
483 1031 612 1112 iuclytis
627 1032 742 1112 quibus
757 1031 859 1098 ardua
875 1039 906 1097 te
922 1033 1097 1114 gaudemus
1114 1031 1217 1098 adisse
1232 1033 1371 1114 lastigie.

139 1119 189 1178 25.
213 1113 279 1181 Nos
294 1117 435 1196 gaudere
450 1121 553 1180 tecuur
569 1115 620 1179 iac
635 1118 666 1179 in
683 1115 774 1181 atriis
789 1117 985 1198 angelorum.

727 1317 890 1324 ...-.....-...-...

378 1469 381 1474 “
459 1465 530 1526 891.
573 1461 626 1526 De
647 1467 758 1526 sobole
779 1459 923 1526 trr'oe'tote
943 1459 1113 1542 sequentia.

142 1603 167 1660 l.
191 1596 276 1663 Laus
291 1597 375 1678 patri
390 1597 519 1746 glortiae,
536 1597 590 1678 qrri
606 1616 698 1686 suum
713 1596 812 1662 filium
828 1595 976 1677 gentibus
989 1599 1022 1658 et
1035 1595 1151 1678 populo
1164 1596 1309 1662 revelans
1322 1598 1439 1664 israhel

377 1699 423 1745 ocr
464 1729 470 1743 .

137 1769 166 1830 2.
191 1766 277 1830 Laus
288 1699 447 1915 ἓῗιῗεῑῇῆέ
464 1763 517 1846 qui
533 1781 591 1828 suo
606 1765 761 1845 sanguine
777 1781 834 1829 nos
850 1765 933 1846 patri
950 1765 1121 1829 concilians
1137 1766 1284 1845 supernis
1307 1767 1441 1834 sociavit

290 1869 350 1914 c1v1
376 1867 424 1914 us.
1413 1883 1419 1896 ·

137 1939 167 1998 3.
190 1932 275 1998 Laus
289 1951 414 2016 qnoque
431 1937 541 2000 sancto
556 1933 683 2014 spiritui
699 1933 742 1996 sit
757 1951 813 2016 per
828 1949 951 1998 aarum.

400 2288 472 2350 892.
515 2282 631 2348 Decem
653 2283 790 2349 cellulum
812 2289 991 2366 nacrtyrum
1012 2285 1184 2366 sequen-tia.

162 2428 188 2487 l.
211 2422 360 2486 Adrianus
375 2439 429 2486 rex
445 2419 627 2503 prophanus
643 2421 845 2500 congregatis
860 2419 1027 2502 pravitatis
1039 2437 1092 2484 serr
1105 2421 1233 2502 regibus
1249 2439 1287 2486 ex
1303 2421 1438 2502 legibus.

160 2511 188 2570 2.
212 2505 264 2572 Sic
280 2504 453 2570 bacchatur
468 2506 534 2569 irae
550 2505 645 2568 datur
660 2522 766 2569 servos
782 2503 901 2569 Christi
916 2504 999 2570 laeto
1014 2505 1098 2569 tristi
1115 2505 1199 2586 quod
1214 2504 1346 2570 dederat
1363 2523 1441 2586 quos

288 2588 409 2654 oderat.

159 2679 188 2738 3.
212 2673 277 2740 Sub
289 2677 451 2822 (tiermento
466 2671 604 2736 nondum
620 2672 706 2738 lento
723 2673 780 2738 hos
796 2672 850 2754 quui
866 2673 959 2738 laesit
973 2673 1032 2753 hys
1047 2671 1194 2738 adhaesit
1217 2673 1371 2738 exercitus
1393 2676 1440 2738 in·

312 2757 438 2821 amitus.
1511 2755 1520 2764 ‘

159 2847 189 2905 4.
212 2840 293 2906 Sunt
307 2845 356 2906 ter
371 2840 453 2905 dena
468 2841 556 2904 milia
571 2841 681 2905 horum
698 2841 752 2922 qui
767 2841 887 2904 invidia
901 2839 959 2904 hos
974 2837 1205 2904 crucifixerunt.

160 2931 189 2990 5.
213 2926 295 2991 Sunt
310 2931 359 2990 ter
374 2925 455 2990 dena
469 2925 557 2990 milia
572 2932 753 2990 sauctorum
770 2924 922 3005 supplitia
938 2925 989 3004 qui
1010 2923 1240 2989 sustinuerunt.

160 3015 189 3072 c.
212 3009 300 3074 Inter
314 3027 394 3090 quos
408 3027 447 3073 en
463 3027 574 3091 passus
588 3009 681 3073 fidem
699 3007 819 3072 Christi
834 3007 936 3072 lassus
952 3007 1144 3073 Hermolaus
1160 3009 1339 3090 episcopus,

160 3098 189 3157 7.
213 3092 374 3158 Christum
390 3091 586 3174 praedicavit
600 3093 687 3174 ipsos
703 3091 879 3174 baptizavit
893 3091 1096 3172 praesulatus
1111 3110 1242 3156 servans
1257 3109 1345 3173 opus,

159 3181 190 3241 8.
212 3176 304 3258 Ipsos
319 3195 384 3241 uua
400 3177 468 3242 dies
484 3195 547 3240 una
562 3177 650 3241 dicta
664 3183 754 3242 sexta
768 3173 856 3239 feria.

160 3265 190 3324 9.
214 3259 279 3325 Sub
294 3261 462 3324 tormentis
478 3277 596 3342 pravae
612 3261 717 3340 gentis
731 3260 846 3323 clausit
860 3264 946 3323 meta
960 3258 1090 3323 funeris.

140 3349 189 3410 10.
213 3345 312 3425 Signa
327 3343 446 3408 Christi
461 3345 617 3426 passionis
632 3350 746 3409 cuncta
760 3345 829 3408 visa
843 3347 919 3406 sunt
933 3343 1045 3422 agonis
1060 3345 1235 3423 martyrum
1251 3342 1283 3406 in
1300 3344 1440 3408 stimulo.

141 3435 190 3494 ll.
213 3427 321 3493 Tellus
350 3433 488 3575 memore
519 3434 567 3492 est
595 3434 749 3509 quassata
778 3432 810 3491 et
833 3427 888 3491 lux
914 3427 989 3492 solis
1015 3427 1186 3492 obscurata
1209 3445 1272 3492 non
1303 3428 1441 3494 micabat

290 3529 365 3576 secu
379 3529 407 3576 o.

141 3600 190 3661 12.
214 3593 300 3670 Quos
315 3613 393 3675 gens
408 3613 507 3678 prava
521 3594 677 3660 sauciavit
692 3594 839 3659 Christus
854 3593 1015 3658 sanctiens
1030 3595 1155 3660 sanavit
1169 3594 1228 3658 hos
1245 3595 1409 3661 solatione.

142 3683 191 3744 13.
214 3678 268 3743 ilii
284 3679 317 3744 in
331 3697 427 3744 carne
442 3679 575 3744 lacerati
591 3698 610 3743 a
626 3677 753 3743 Christo
769 3683 845 3742 sunt
859 3677 1033 3760 perarmati
1047 3677 1120 3742 fidei
1137 3679 1284 3743 umbone.

143 3769 191 3828 14.
214 3763 250 3828 In
265 3764 408 3828 amoenis
423 3769 590 3844 postquam
606 3764 715 3844 poenis
730 3766 825 3842 atque
841 3762 934 3825 minis
950 3761 1036 3825 venit
1057 3761 1128 3826 finis
1151 3764 1439 3827 consummationis.

142 3851 191 3912 1-5.
213 3846 397 3912 Petiveruut
411 3851 583 3913 tennerunt
599 3865 661 3910 non
677 3845 835 3910 delectum
851 3845 905 3909 sed
921 3845 1067 3909 effectum
1083 3863 1155 3909 mox
1170 3847 1340 3928 petitionis,

143 3935 190 3996 16.
214 3929 323 3996 Sancti
340 3931 396 3996 Dci
412 3932 466 4011 qui
483 3930 607 4012 trophei
623 3930 790 4011 dignitatis
805 3929 985 3994 sanctitatis
1001 3930 1150 4010 gaudetis
1164 3931 1306 3996 victoria.

142 4021 191 4080 lt.
215 4015 292 4080 Sitis
306 4014 389 4096 grati
405 4015 552 4080 advocati
566 4019 697 4078 nostrae
712 4013 800 4078 dirae
817 4011 868 4078 die
882 4013 949 4078 irae
963 4030 1033 4077 eum
1051 4019 1222 4079 censentur
1236 4013 1325 4080 vicia.

142 4105 191 4164 18.
215 4098 263 4162 Ne
278 4099 381 4180 perire
396 4099 554 4164 obmutire
569 4117 627 4179 pro
642 4101 771 4178 peccato
788 4100 969 4179 perpetrato
984 4115 1041 4162 nos
1057 4097 1221 4177 contingat
1235 4099 1361 4164 misere.

143 4187 192 4248 19.
215 4181 278 4248 Sed
292 4181 324 4246 in
340 4183 453 4248 throno
469 4201 592 4248 summo
607 4183 690 4247 bono
706 4199 901 4260 conregnare
914 4179 1027 4245 laudes
1042 4181 1120 4246 dare
1135 4182 1297 4248 valeamus
1311 4183 1419 4249 libero.

141 4271 192 4332 20.
216 4265 393 4332 Immortali
407 4267 559 4332 aeternali
574 4268 643 4347 regi
658 4266 690 4330 in
707 4283 783 4347 pace
798 4265 910 4330 sedula
925 4283 982 4346 per
997 4265 1173 4330 seculorum
1190 4266 1305 4333 secula.

749 4470 894 4478 -.....-—--.-
