3234 5246
635 285 674 302 -
718 254 777 318 381
821 287 863 302 ·-

446 439 517 502 555.
560 435 735 522 Infestos.
749 434 1057 518 Erlrordiepiocopi.

390 551 470 621 (Geb.
488 555 520 608 in
537 553 726 626 Repeuabarp,
745 555 855 610 rerehrt
872 569 919 608 om
936 557 962 608 8.
981 551 1116 622 Jauaor.)

124 681 153 742 1.
177 675 316 742 Alleluia
331 673 459 742 Christo
475 675 623 742 decantet
636 678 738 743 omnis
754 677 872 760 lingua.

123 767 154 826 2.
178 760 260 838 Quia
274 759 385 838 bonus,
401 759 476 842 quia
489 761 522 825 in
538 767 703 826 aeternum
717 761 934 827 misericordia
952 759 1031 826 eius.

124 851 155 911 3.
179 845 251 922 Qui,
266 843 364 924 Deus,
380 845 484 909 Homo
499 843 602 910 iactus
619 849 678 926 est,
693 845 836 912 homines
850 844 926 911 deos
940 844 1047 911 faeere
1061 841 1304 910 dum‘destinat.

123 927 374 1078 616ᾳᾶ13666]
403 946 535 995 numero
565 933 616 995 est
645 929 777 996 deorum
806 930 936 1013 praesul
965 933 1095 996 sanctus
1121 927 1304 1002 Erhardus,
1335 925 1403 992 Deo

279 1014 284 1026 '
301 1016 400 1093 ectus,

126 1106 157 1166 5.
180 1095 250 1177 Qui,
274 1114 369 1162 carne
390 1097 517 1177 nobilis,
542 1099 651 1164 castus
673 1095 778 1176 corde,
804 1095 936 1178 pulcher
955 1093 1067 1178 forma,
1094 1095 1183 1164 dives
1204 1095 1314 1162 mundi
1328 1094 1403 1162 sub-

255 1181 385 1262 stantia,

126 1268 157 1330 6.
180 1263 319 1340 Patrem,
329 1269 478 1414 ffiatrem,
494 1262 622 1346 iratres,
638 1281 775 1345 sorores,
798 1265 935 1346 domum,
957 1282 1062 1348 agros
1077 1269 1244 1347 totumque
1259 1262 1404 1344 linquens

255 1368 327 1416 saec
362 1367 425 1429 um,

126 1438 156 1498 7.
179 1432 312 1499 Crucem
327 1451 418 1500 suam
433 1432 549 1499 tollens
564 1437 614 1499 est
628 1431 792 1498 Christum
805 1450 978 1517 pauperem
1000 1437 1129 1498 secutus
1143 1451 1265 1516 pauper
1278 1430 1403 1514 spiritu,

125 1523 156 1582 8.
180 1517 292 1584 Carnis
307 1536 385 1583 suae
399 1517 539 1584 vendens
554 1517 705 1597 tunicam,
721 1517 853 1599 spiritus
867 1517 945 1582 emit
958 1516 1112 1597 gladium,

126 1607 155 1666 9.
180 1601 249 1679 Quo
264 1601 427 1668 accinctus
441 1602 542 1668 ambit
555 1601 690 1684 pervigil
705 1601 883 1668 Salomonis
898 1602 965 1668 ueri
979 1600 1140 1667 lectulum.

101 1691 156 1750 10.
180 1685 207 1750 Ο
223 1692 343 1766 quanta
358 1685 498 1767 dignitas
513 1685 626 1751 famuli
639 1685 672 1750 in
687 1689 858 1768 conspeetu
872 1685 1014 1750 Domini!

103 1775 157 1835 11.
179 1769 272 1844 Quod
287 1770 412 1852 signum
428 1768 573 1836 Christus
588 1770 733 1852 potentia
748 1787 859 1835 servus
873 1769 949 1836 ierit
963 1770 1079 1852 gratia.

104 1858 157 1920 12.
181 1853 297 1921 Oculos
326 1854 411 1919 caeci
438 1855 507 1919 nati
535 1853 640 1936 aperit
667 1871 781 1920 manus
803 1853 933 1936 Christi,
958 1853 1138 1920 inauditum
1166 1852 1301 1920 saeculis
1329 1856 1405 1917 ante

255 1939 437 2004 transactis.

105 2026 157 2088 13.
180 2022 250 2089 Hoc
273 2027 383 2089 noster
409 2027 441 2088 et
460 2021 637 2101 Erhardus,
663 2018 791 2086 fortiter
814 2020 1002 2102 honoratus,
1028 2021 1154 2104 signum
1176 2025 1210 2090 in
1232 2020 1331 2088 Otilia
1350 2020 1407 2085 dat

256 2124 350 2173 caeca
364 2109 450 2186 nata,

104 2195 157 2256 14.
179 2191 250 2256 Non
265 2196 372 2258 tamen
386 2191 545 2274 imperans
560 2189 648 2254 illam
662 2189 781 2270 videre,
796 2189 853 2256 sed
867 2189 1053 2274 impetrans,

104 2279 157 2340 15.
179 2275 244 2342 Par
257 2276 291 2340 in
304 2276 469 2356 miraculo,
484 2275 586 2358 impar
601 2273 746 2339 miraculi
756 2273 902 2340 Domino.

104 2363 157 2425 16.
180 2357 242 2437 Qui
256 2361 343 2426 solus
358 2359 476 2426 habere
488 2357 600 2439 noluit,
616 2375 698 2440 quae
710 2375 770 2424 aua
782 2363 858 2424 sunt
869 2359 980 2438 solius,
996 2359 1061 2425 suis
1075 2356 1255 2436 subdivisit,

103 2449 157 2510 11.
180 2443 259 2509 Cum
273 2445 335 2527 ipsi
349 2445 382 2509 in
396 2444 467 2526 ipso
482 2461 582 2524 opera
595 2441 726 2522 iaciunt,
742 2442 827 2523 quod
841 2448 874 2509 61
888 2445 968 2527 ipse,
983 2444 1097 2509 horum
1113 2447 1146 2508 et
1160 2441 1292 2520 maiora,

105 2533 157 2594 18.
178 2528 240 2594 Per
255 2546 347 2609 quem
363 2545 472 2594 caecos
485 2527 680 2606 illuminans,
696 2526 867 2593 daemones
882 2545 1009 2610 quoque
1022 2526 1149 2610 fugans,

106 2617 156 2678 19.
180 2611 307 2679 Christo
322 2618 379 2679 tuo
393 2630 451 2678 nos
467 2613 639 2692 committe,
654 2612 784 2695 praesul
798 2611 938 2679 clemens
951 2611 1106 2680 Erharde.

104 2700 157 2761 20.
178 2697 217 2762 In
232 2715 266 2762 se
283 2697 345 2763 sibi
360 2697 415 2762 lux
430 2700 481 2761 est
494 2699 637 2774 aeterna,

103 2785 156 2846 21.
179 2781 216 2846 In
230 2784 264 2846 te
278 2782 341 2847 sibi
356 2781 427 2846 laus
442 2785 493 2846 est
507 2785 649 2858 aeterna,

103 2869 155 2930 22.
177 2864 216 2930 In
231 2882 266 2931 se
281 2865 374 2932 nobis
389 2864 457 2930 vita
472 2869 614 2930 aeterna.

175 2971 272 3103 {ofin
309 2971 863 3044 1166161691.6111661161161666661.
891 3005 925 3016 —
953 2973 1053 3032 Daniel
1070 2975 1105 3042 v,
1123 2976 1176 3030 227
1195 2955 1245 3030 laod
1263 2971 1316 3028 deo
1335 2967 1405 3024 Text

103 3061 158 3102 aas
203 3061 217 3102 e
247 3061 271 3100 e.

657 3187 854 3196 ---..-.

557 3305 628 3369 556.
671 3299 724 3368 De
745 3323 770 3369 s.
793 3301 956 3369 Erdordo.

146 3434 241 3501 Salve
257 3434 407 3518 splendor
423 3435 616 3502 firmamenti

144 3519 229 3584 Arca
243 3517 382 3585 candens
398 3519 593 3587 documentis
608 3526 668 3586 etc.

175 3625 268 3685 Tect.
306 3627 393 3684 Dicae
411 3627 507 3684 Zeilen
524 3629 575 3685 1661
592 3628 692 3685 Daniel
711 3630 747 3700 Π,
767 3632 819 3686 163
838 3647 904 3687 aas:
924 3629 990 3686 God.
1009 3633 1086 3687 Mon.
1108 3634 1149 3688 10.
1169 3645 1241 3690 saec.
1261 3632 1322 3687 XII.

655 3789 853 3798 ——---—-—-

435 3903 506 3965 557.
549 3901 601 3969 Dc
621 3922 647 3967 s.
669 3901 766 3970 Erico
787 3925 859 3988 repe
879 3910 909 3972 61
928 3911 1077 3990 martyre.

139 4015 317 4085 (16161111.
337 4015 435 4088 Kdoip
452 4035 507 4073 oon
524 4019 683 4148 861616εὲ166,
706 4023 1018 4165 9ί611ν18ἁ91ὂ13661169,
1042 4025 1152 4080 ocredrt
1171 4027 1278 4080 66618.
1297 4023 1371 4078 Mai.

637 4133 643 4147 .
662 4109 715 4150 noc
782 4111 805 4150 r.
881 4137 886 4148 .

126 4213 154 4274 1.
174 4207 378 4276 Gratulemur
394 4209 478 4277 dulci
496 4229 602 4294 prosa,
800 4221 829 4282 2.
848 4217 952 4300 Regni
966 4220 1063 4284 rebus
1078 4217 1246 4299 ordinatis,

171 4291 359 4360 LausErici
375 4295 517 4376 gloriosa
848 4301 985 4368 Sanetus
1000 4302 1070 4368 adit
1084 4321 1156 4368 cum
1170 4305 1305 4371 armatis

172 4375 314 4442 Prodest
326 4378 360 4445 in
375 4379 530 4445 medium:
846 4383 963 4452 Terras
978 4385 1168 4454 infidelium:

172 4460 517 4543 Erradicegencrosa
847 4469 1078 4538 Defunctorum
1092 4473 1279 4556 inpeccatis

172 4543 442 4627 Transplantatur
455 4566 595 4615 vernans
609 4565 683 4615 rosa
846 4555 929 4620 Miro
943 4561 1034 4622 motu
1047 4557 1178 4638 pietatis

172 4629 224 4696 Ad
238 4631 348 4712 regale
364 4630 487 4698 solium.
846 4637 950 4706 Deflet
965 4645 1091 4722 strages
1103 4640 1255 4707 hostium.
