3234 5246
733 303 964 367 -364—

204 563 234 611 ‘a
270 486 300 569 b.
310 483 504 608 &coarcere
545 487 567 552 1,
586 487 611 538 2.
641 483 811 546 Iocundetur
829 481 882 538 Ha.
910 511 944 522 -
972 485 997 553 9,
1022 485 1045 537 l.
1064 482 1174 538 liberati
1193 481 1247 537 He.
1275 509 1310 522 -
1337 483 1362 550 9,
1383 483 1408 535 2.
1437 479 1513 535 Tar-

235 572 292 610 rers
340 573 362 610 s.

276 661 300 700 5.
319 643 473 698 Bemcrlc.
512 643 599 698 Uebcr
618 643 670 698 dte
689 642 888 715 Rhyttmc'acbe
905 648 955 698 ctc.
974 643 1083 712 apricio
1099 641 1218 698 Bartsch
1236 640 1265 698 S.
1285 643 1345 696 175.
1364 643 1426 694 183.

676 919 746 980 524.
789 913 841 980 De
862 935 887 980 s.
911 913 1034 978 Blasio.

921 1055 1031 1136 Lupus
1047 1057 1085 1118 ut
1098 1055 1227 1118 astutus

249 1056 366 1122 Pastor
380 1051 463 1118 bone
479 1057 511 1118 et
525 1057 661 1134 patrone

923 1137 971 1202 Ne
986 1137 1172 1217 submergat
1186 1133 1305 1214 inferis,

251 1139 332 1221 Spes
347 1143 380 1203 et
394 1142 503 1203 nostra
518 1137 629 1218 gioria,

247 1223 383 1288 Nostrae
398 1239 508 1305 preces
525 1219 603 1286 51155
618 1220 744 1286 Christo
924 1221 1001 1286 Polo
1018 1221 1085 1286 sine
1098 1220 1173 1285 dolo

249 1306 378 1372 Summo
393 1307 462 1386 regi
478 1305 611 1386 gloriae,
922 1304 1047 1394 Reddet
1061 1304 1123 1387 piis
1138 1304 1271 1385 angelis,

280 1413 371 1468 Terct.
408 1415 492 1469 Mona
511 1414 537 1470 N
540 1431 564 1469 o.
583 1417 637 1470 854
656 1413 692 1482 (3,
711 1414 774 1483 238)
793 1429 861 1468 aaa:
880 1411 1099 1468 Gcecbriebeaea
1108 1411 1251 1468 Zacdtaca
1269 1429 1306 1466 aa
1324 1410 1412 1465 5155555
1423 1407 1513 1464 Μ555-

209 1486 279 1542 bach
298 1487 345 1540 dea
364 1483 525 1540 5515555.
545 1503 583 1540 aa
600 1483 768 1540 Karterubc.

679 1789 749 1854 525.
794 1784 845 1851 De
864 1784 897 1852 S.
919 1782 1044 1852 Blasio.

209 1920 332 1986 Victori
346 1917 453 1984 Blasio
467 1917 577 1984 laudes
591 1919 757 1985 immolant
770 1919 918 1993 incolam,

209 2005 319 2086 Agnus
334 2020 471 2084 sequens
487 2007 648 2084 pastorem
663 2021 750 2068 more
765 2004 894 2086 5555511,

209 2088 344 2153 Praesui
358 2087 440 2152 binis
457 2105 527 2150 cum
543 2089 649 2169 pueris
666 2094 716 2153 est
730 2088 923 2153 immolatus.

209 2172 298 2238 Mors
313 2191 333 2236 a
346 2171 413 2236 vita
427 2169 569 2236 flectitur
583 2171 712 2253 speciali
728 2171 835 2236 duello
857 2177 916 2236 etc.

279 2275 372 2330 Tcaet.
409 2277 492 2334 Mone
511 2281 536 2344 2,
555 2281 617 2334 232.
655 2279 709 2348 „In
729 2281 781 2334 dea
798 2277 1009 2350 yeacbriebencn
1027 2277 1168 2334 Zaatc'tcen
1192 2293 1229 2332 55
1253 2277 1340 2331 ciuem
1359 2274 1514 2330 Meacbaeb

210 2349 257 2404 dea
276 2347 437 2403 15151555.
457 2365 493 2404 55
510 2348 672 2406 Karlarubc
699 2352 771 2406 55555
798 2368 851 2406 aaa
876 2350 998 2422 gleicber
1022 2347 1085 2404 an't
1111 2351 1171 2403 cine
1188 2349 1313 2418 Sequens
1340 2349 1396 2418 aas
1412 2347 1513 2402 51555.

209 2421 335 2490 Blosr'uc,
355 2420 449 2477 dicae
468 2421 616 2493 5555155511
652 2423 744 2479 111555.

763 2597 963 2608 -----

541 2732 613 2795 526.
655 2727 707 2796 De
728 2749 753 2794 5.
775 2728 1005 2798 Beneventum
1024 2727 1177 2810 55555555.

254 2845 334 2914 (ceo.
352 2848 422 2902 1221
441 2863 479 2902 aa
496 2846 650 2918 35555555
675 2849 708 2902 555
726 2847 840 2918 Italica,
858 2853 926 2919 5555.
946 2850 989 2902 14.
1008 2844 1071 2901 Jalc'
1089 2847 1169 2914 1274,
1193 2837 1364 2900 5555155514.
1383 2841 1468 2914 decii.)

214 2973 241 3033 1.
267 2967 378 3034 Lauda
393 2969 478 3051 Syon
494 2969 577 3034 huno
592 2969 745 3036 minorem

940 2969 1025 3034 Dum
1038 2967 1085 3033 nil
1099 2967 1188 3050 55515
1197 2971 1328 3048 praeter
1336 2965 1509 3048 Christum,

267 3052 414 3118 Fratrem
438 3071 652 3137 magnumque
675 3055 838 3121 doctorem
940 3053 1053 3133 Timet,
1070 3058 1180 3135 555555
1194 3056 1226 3116 55
1241 3051 1282 3116 ad
1297 3053 1403 3134 ipsum

267 3135 306 3200 In
322 3137 447 3218 hymnis
464 3143 497 3203 et
511 3139 660 3204 canticis:
939 3137 1021 3202 Tota
1035 3139 1317 3217 menteproperat.

268 3219 351 3286 Huic
366 3221 516 3286 honorem
531 3221 581 3287 fer
596 3227 628 3288 et
642 3221 768 3304 plaude,
885 3225 913 3285 5.
940 3220 1126 3298 Meditatur,
1142 3219 1249 3301 gemit,
1266 3221 1381 3301 plorat,

269 3303 405 3386 Speciali
419 3323 556 3387 namque
573 3307 668 3372 laude

268 3387 407 3470 Dignum
421 3407 493 3456 esse
507 3390 642 3456 noveris.

214 3477 242 3536 2.
269 3471 310 3537 Se
325 3490 345 3536 5
359 3475 481 3540 5555515
496 3493 627 3540 servans
646 3475 739 3540 malis

268 3557 354 3622 Bene
368 3558 477 3624 vivens
492 3557 640 3641 specialis

269 3640 339 3704 Lux
354 3647 387 3706 et
402 3641 514 3708 doctor
528 3643 665 3707 ordinis:

268 3723 321 3788 Fit
334 3725 478 3790 minister
493 3725 660 3807 generalis,

268 3807 403 3874 Praesul
418 3815 514 3890 atque
529 3808 700 3875 cardinalis

271 3890 344 3958 Suis
360 3892 465 3976 dignis
480 3893 614 3958 meritis.

215 3979 243 4039 3.
270 3976 387 4042 Ρ15555
401 3977 472 4057 fide,
489 3978 655 4056 charitate,

271 4059 335 4143 Spe
351 4067 384 4128 et
398 4061 483 4128 omni
497 4061 657 4144 probitate

271 4144 408 4210 Sanctae
422 4145 507 4210 vitae
521 4145 700 4226 speculum:

271 4227 323 4293 Ad
338 4227 419 4292 ovile
436 4229 484 4292 vir
498 4227 634 4310 insignis

272 4310 357 4376 Oves
373 4311 472 4392 signis
487 4317 520 4376 et
535 4311 686 4377 doctrinis

272 4393 412 4460 Reduxit
427 4394 627 4460 dominicum.

215 4475 246 4538 4.
273 4477 429 4544 Mundum
445 4478 505 4544 sibi
521 4477 703 4543 crucifixum

273 4563 316 4628 Et
330 4579 365 4627 se
379 4563 498 4629 mundo
514 4561 611 4628 555115
625 4561 723 4626 fixum

274 4646 336 4712 Cor
350 4646 471 4713 habere
486 4645 687 4730 comprobat:

940 3304 1067 3384 Scribit,
1083 3304 1184 3382 docet
1201 3303 1303 3369 Deum
1318 3311 1390 3370 5555

939 3387 999 3453 Die
1013 3393 1109 3453 noctu
1125 3388 1275 3468 vigilans:

940 3472 1139 3539 Sacramenti
1153 3489 1229 3555 5555
1245 3489 1281 3536 55
1300 3469 1410 3551 intrat,

940 3557 1018 3622 Eius
1033 3557 1160 3638 penitus
1175 3556 1304 3638 ignorat

940 3639 1024 3706 Illud
1039 3641 1170 3705 missam
1184 3639 1357 3706 celebrans.

886 3723 914 3784 6.
940 3725 978 3789 15
993 3721 1135 3790 favillam
1150 3728 1199 3789 555
1213 3723 1344 3788 redacta

941 3807 1023 3873 0555
1038 3808 1106 3874 eius
1124 3808 1320 3888 incorrupta,

942 3891 1019 3958 Sola
1033 3892 1144 3973 lingua
1159 3896 1319 3956 remanet:

942 3975 1013 4052 Qua
1028 3975 1104 4040 dum
1117 3975 1198 4040 vixit
1211 3975 1279 4040 Deo
1294 3977 1432 4056 gratum,

942 4059 1073 4142 Semper
1087 4057 1164 4125 iecit
1177 4058 1367 4126 famulatum

942 4143 1034 4208 Mens
1048 4144 1081 4208 in
1098 4145 1195 4210 coelis
1210 4143 1340 4209 residet

888 4225 916 4286 1.
944 4225 1008 4292 Ubi
1023 4226 1118 4308 digne
1131 4227 1339 4308 praemiatur,

819 4376 824 4392 ,
944 4311 1027 4376 Nem
1043 4330 1063 4376 a
1077 4309 1203 4376 Christo
1219 4315 1390 4378 coronatur

943 4394 1074 4462 Honore
1088 4399 1122 4460 ct
1136 4395 1253 4478 glorie:

943 4478 1077 4545 Fruitur
1100 4497 1139 4545 ue
1153 4497 1224 4546 cum
1239 4478 1341 4546 beatis

945 4563 1077 4629 Visione
1119 4564 1260 4630 rinitatis

943 4647 1007 4714 Per
1021 4653 1154 4715 aeterna
1169 4647 1305 4715 5555515.
