3210 5230
692 323 924 386 -537—

185 499 215 568 8.
237 497 332 566 Salve
347 499 468 582 absque
482 517 565 582 ruga
578 500 753 584 speculum,
768 501 802 566 in
816 497 903 583 quod
918 497 1144 568 desiderabant

239 582 429 666 Coeiigenae
444 585 636 668 prospicere,
650 603 725 650 nam
738 585 876 650 multum
889 588 923 650 te
937 585 1098 652 amabant.

186 671 215 734 9.
238 667 342 748 Salve,
358 685 440 748 qnae
455 668 598 734 clausum
614 669 729 752 pyxide
744 669 943 738 sacrementi
957 667 1066 735 vidisti

238 751 327 818 Clam
343 770 438 817 verae
453 753 558 818 carnia
573 754 711 835 speciem
727 753 867 850 eorporis
883 751 956 818 Iesu
972 750 1101 819 Christi.

166 841 215 900 10.
238 835 299 901 Eia
313 855 396 900 nuno
411 837 648 918 benignissima,
664 839 697 902 in
712 837 809 905 coelis
824 837 1007 916 sublimata,

238 918 326 996 Quae
342 937 387 998 es,
403 922 453 998 (nt
467 923 519 1004 pie
534 919 704 1004 oredimus)
721 921 766 987 sis
780 921 871 986 nobis
887 919 1059 986 Advocato.

165 1009 215 1068 11.
238 1001 383 1068 Defende
405 1003 464 1068 hoo
479 1003 675 1086 coenobium,
691 1021 812 1088 nosque
825 1001 1057 1072 inhabitantes:

237 1085 311 1162 Mei,
326 1105 414 1168 rogo,
430 1089 620 1168 memineris,
635 1105 795 1170 nosceque
811 1093 843 1154 te
859 1093 1014 1154 amantea.

167 1175 214 1236 12.
239 1170 265 1236 Ο
280 1171 380 1252 virgo,
396 1169 456 1249 iao,
472 1177 508 1237 nt
522 1171 641 1253 iugiter
655 1174 769 1254 religio
784 1177 945 1240 accrescat

237 1255 275 1320 in
289 1261 398 1319 nostro
414 1257 617 1336 monasterio,
632 1274 672 1321 ne
686 1255 849 1338 proiectus
864 1255 1036 1320 decrescat.

166 1343 214 1404 13.
236 1337 377 1418 Repello,
392 1356 523 1420 quaeso,
539 1340 728 1406 daemonum
743 1346 875 1406 11111111
889 1338 1065 1416 illusiones,

236 1421 495 1504 Angelornmque
509 1425 601 1490 nobis
617 1424 725 1490 obtine
739 1423 941 1488 munitiones.

165 1509 214 1572 14.
239 1505 362 1570 Cuncta
376 1507 468 1572 nobis
482 1507 643 1573 contraria
657 1512 693 1572 tu
709 1525 766 1574 ora
779 1507 930 1590 mitigari,

237 1588 395 1672 Prospera
410 1605 555 1672 quaeque
570 1597 717 1672 tempora
731 1594 845 1674 exopta
860 1591 953 1658 nobis
969 1587 1047 1656 dari.

165 1675 215 1739 15.
238 1671 369 1754 Ovirgo
385 1671 601 1756 devotissima,
616 1675 789 1742 virtutibus
805 1675 930 1753 decora,

238 1757 334 1838 Apud
348 1755 449 1822 Deum
465 1759 665 1839 altissimum,
681 1776 840 1840 rogemus,
856 1759 1003 1824 elabora:

166 1844 215 1910 16.
237 1838 283 1905 111
296 1859 356 1906 noa
371 1840 413 1906 ed
427 1859 462 1908 ae
477 1843 620 1926 recipiat,
636 1859 707 1908 oum
722 1843 795 1909 hine
813 1841 1022 1925 egrediemur,

236 1923 447 2006 Praestetque
461 1925 552 1992 nobis
567 1928 752 2010 praemium,
777 1943 839 2008 quo
855 1930 985 1992 aeterne
999 1924 1164 1992 laetemur.

166 2013 214 2073 17.
238 2007 306 2074 Deo
319 2009 404 2090 patri
419 2009 462 2076 ait
475 2009 586 2090 gloria,
602 2013 733 2094 eiusque
748 2027 838 2079 sacro
853 2009 948 2088 Nato,

237 2093 453 2176 Aequalisque
467 2091 602 2175 Spiritui
616 2093 720 2175 gloria
734 2093 777 2160 sit
791 2095 895 2161 beato.
924 2093 1037 2158 Amen.

234 2199 328 2256 Text.
365 2201 466 2258 Daniel
484 2201 520 2274 11,
541 2204 592 2259 195
611 2217 647 2258 ax
663 2203 727 2260 Aet
745 2201 837 2258 Senot.
856 2199 916 2256 Inn.
937 2201 1014 2259 Tom.
1032 2198 1082 2257 111.
1102 2218 1129 2271 p.
1148 2203 1210 2258 605.

562 2453 634 2517 800.
676 2447 729 2515 Da
742 2469 768 2516 a.
783 2443 949 2516 Elisabeth
968 2445 1067 2513 171111.

164 2557 388 2630 (0111120711
405 2561 547 2637 Prostarp
562 2565 595 2620 io
615 2563 658 2622 Uo
677 2581 739 2636 m,
757 2563 876 2620 Toettar
895 2563 943 2619 1111
961 2561 1074 2633 Koraos
1092 2559 1223 2617 Asadrm
1239 2559 1294 2630 11,
1314 2559 1466 2618 oenomao

188 2633 236 2689 dea
254 2632 381 2703 Heraopa
400 2633 618 2692 Hermunduros
676 2639 803 2712 1111119111,
820 2639 888 2708 psat.
906 2639 950 2692 19.
969 2631 1042 2689 Noa.
1061 2635 1140 2704 1231,
1158 2631 1329 2696 1111111119.
1348 2629 1436 2702 Noa.)

167 2759 196 2820 1.
221 2755 333 2822 Gaude
349 2753 435 2837 Sion,
450 2757 537 2840 quod
553 2775 701 2842 egressus
840 2763 869 2822 5.
894 2757 978 2824 Vere
993 2755 1082 2822 sidus
1096 2760 1132 2821 tn
1146 2754 1358 2836 praeclarum,

220 2843 297 2907 Ate
313 2839 407 2906 decor
420 2849 454 2907 11
472 2843 644 2924 depressus
894 2835 1352 2920 Quodasolediiiartparum

223 2923 557 3010 Tuiinigorspeouli:
893 2921 1192 2990 Etlunaluoidiua:

223 3005 562 3076 Rediuiualuaeredit
894 3006 944 3074 Tu
958 3007 1044 3090 quod
1058 3005 1126 3073 sole
1140 3007 1185 3073 sis
1200 3006 1327 3086 amiota,

225 3090 301 3156 Oet
314 3092 420 3174 alpha,
435 3094 521 3176 quod
535 3095 660 3163 11111111
895 3089 999 3156 Carne
1012 3091 1128 3173 probat
1142 3089 1194 3154 bio
1210 3090 1323 3156 renota

224 3174 559 3246 lamiufinesaeouii.
894 3171 1213 3241 Lucistuaeradius.

169 3256 199 3318 2.
224 3257 322 3324 Poma
336 3261 439 3341 prima
452 3264 631 3348 primitivos
839 3259 869 3321 6.
893 3258 1033 3341 Oquam
1046 3255 1153 3336 dignis
1168 3253 1273 3352 tulgas
1288 3257 1400 3338 signis,

224 3343 677 3414 Deusaanotosadbncrivos
895 3341 983 3408 Vasa
996 3339 1282 3424 rapiaamahgnia

224 3426 552 3498 Viditinraoumine:
893 3425 1046 3493 Possessa
1060 3421 1253 3490 daemoniis:

224 3507 271 3575 Ut
285 3517 444 3579 extremos
458 3513 559 3581 addat
572 3516 684 3599 primia
894 3507 1382 3593 Lepraemundaslabetaotos,

224 3592 376 3672 Quamuis
391 3601 514 3666 stantes
528 3615 587 3664 nos
601 3601 634 3665 in
648 3599 721 3666 imis
896 3591 1035 3661 Glaudos
1050 3591 1143 3674 ponis
1158 3595 1191 3656 et
1204 3595 1361 3656 attractos

225 3677 522 3747 Suovisitlumine.
894 3675 1201 3760 Inpedumoffioiis.

169 3756 198 3818 3.
224 3761 288 3826 Sed
302 3781 380 3844 prae
394 3765 504 3831 multis
519 3771 552 3831 te
566 3769 718 3849 respexit,
840 3761 868 3823 7.
896 3759 989 3837 Quod
1004 3765 1156 3840 negatum
1171 3761 1222 3824 est
1235 3762 1381 3838 naturae,

225 3844 313 3911 Odor
327 3851 402 3914 tuus
415 3849 501 3914 huno
514 3849 625 3916 allexit
893 3843 1111 3910 Turirtutnm
1126 3841 1280 3924 agisinre

225 3929 269 3995 Et
283 3947 380 4011 sapor
394 3937 427 3998 et
440 3934 582 4015 puritas:
893 3928 938 3993 Et
952 3931 1044 4010 potes
1058 3945 1097 3991 ex
1111 3927 1233 4007 gratia:

223 4010 270 4078 Ut
284 4013 324 4078 da
339 4033 450 4098 regum
465 4018 563 4083 ramis
578 4019 654 4082 nata
893 4011 970 4078 Vita
983 4009 1110 4077 iunctos
1125 4015 1161 4075 tu
1175 4008 1312 4088 reducis,
1355 4089 1362 4104 ⁸

223 4096 590 4167 Iusteveresisvooata
895 4093 1005 4162 Gaeois
1018 4093 1127 4160 reddis
1142 4091 1285 4158 membra
1299 4091 1382 4157 lucra

224 4177 274 4245 Tu
288 4181 347 4248 Dei
363 4183 526 4251 saturitas.
894 4179 938 4244 Et
952 4179 1166 4244 membrorum
1181 4177 1297 4259 spatia.

168 4257 199 4316 4·
225 4262 374 4331 Gaudent
387 4275 476 4335 astra
489 4269 656 4349 matutina,
767 4301 768 4304 =
838 4257 868 4318 8·
894 4263 956 4328 Eia
969 4267 1073 4327 mater
1088 4278 1147 4326 nos
1162 4277 1308 4342 agnosce,

224 4346 314 4426 Quod
329 4350 362 4416 in
376 4351 456 4418 hora
469 4352 653 4436 vespertina
893 4345 1161 4412 Librovitaenoa
1177 4345 1313 4428 deposce

225 4431 306 4498 Ortu
321 4436 394 4500 noui
409 4437 523 4504 sideris
894 4429 973 4496 Cum
987 4429 1097 4495 electis
1111 4429 1227 4494 inseri:

225 4512 620 4598 Coeiisidusillustratur,
893 4513 938 4580 Ut
952 4520 1117 4580 consortes
1132 4519 1208 4579 tuae
1224 4510 1322 4606 sortis

223 4597 272 4664 Tu
287 4619 350 4683 quo
365 4609 472 4671 terrae
487 4604 674 4686 designatur
893 4597 1094 4681 Etapoenis
1110 4601 1295 4678 etaportrs

224 4681 608 4770 Norisignumioedaris.
894 4679 1172 4750 Eruamurinieri.
