3218 5234
700 335 931 398 -151-

567 521 636 583 189.
681 515 824 598 Inferio
846 515 1067 597 conceptionis.

166 659 197 719 l.
223 653 326 730 Quam
341 651 458 733 figurat
472 652 526 715 lon
541 651 712 732 primaeva,
898 651 960 717 Sed
977 671 1038 718 non
1054 650 1103 716 las
1117 653 1168 716 est
1182 651 1302 717 dicere:

225 735 329 818 Caput
345 737 460 800 vermis
476 736 602 800 calcans
617 735 695 814 Eva,
898 735 982 801 Solis
997 743 1101 802 rotam
1116 737 1280 816 oraculari,

225 819 380 886 Mundum
394 821 494 884 intrat
509 819 620 884 hodio:
898 820 963 886 Nec
977 820 1059 884 hanc
1073 821 1195 902 prolem
1209 820 1371 902 denigrari

226 905 314 970 Haec
327 909 376 970 est
390 921 471 984 quae
487 903 620 968 nescivit
635 907 739 968 torum
900 903 1145 986 Culpaeqnovis
1161 923 1286 984 genere.

224 990 434 1054 Paternnrnm
449 987 646 1064 delictorum,
843 989 872 1051 o.
897 989 1081 1065 absitate,
1097 1005 1187 1054 mens
1203 987 1352 1066 humana,

227 1073 317 1137 Dono
332 1071 415 1136 fulta
429 1073 561 1151 gratiae.
737 1131 741 1139 ,
898 1071 1061 1152 Suspicari
1077 1087 1220 1153 quaeque
1236 1091 1327 1150 vanu,

169 1157 201 1217 2.
226 1159 415 1222 Innocenter
429 1157 627 1220 ambulantes
899 1157 981 1220 Dum
997 1156 1137 1220 divinum
1157 1158 1278 1236 agitur:

226 1240 344 1320 Legem
362 1239 419 1303 liei
434 1239 626 1304 meditantes
898 1239 986 1322 Opus
1002 1239 1089 1304 istud
1108 1239 1270 1320 singulare

228 1325 381 1389 Parentes
398 1325 587 1405 promeruit:
898 1323 1154 1388 Perecrntentem
1170 1324 1296 1404 quaerit
1311 1342 1410 1406 qnare

227 1409 305 1473 Turn
322 1409 453 1471 devotos
472 1405 650 1472 contorales
898 1407 951 1472 Sic
966 1408 997 1472 in
1013 1407 1114 1472 altum
1129 1407 1263 1490 rapitur.

228 1491 387 1557 Gostitate
403 1491 537 1555 sociales
844 1489 873 1550 7.
900 1491 1032 1556 Cessent
1045 1509 1122 1572 ergo
1138 1493 1346 1574 detractores,

228 1574 365 1642 Mundus
379 1592 541 1656 nunqnam
556 1573 679 1640 habuit.
900 1577 993 1656 Ignes
1009 1573 1123 1640 flantes
1138 1581 1328 1654 vastatores

172 1660 203 1720 3.
228 1659 351 1724 Instnrn
366 1658 482 1740 quippe
496 1660 616 1723 ducunt
632 1659 739 1738 vitum,
901 1661 1021 1724 Dentes
1035 1658 1182 1725 iraenent
1197 1660 1352 1737 canores,

230 1743 353 1808 Pietate
369 1743 559 1820 redimitam,
901 1743 1137 1809 contendentes
1157 1744 1328 1808 maculam:

230 1826 413 1894 Miseranda
429 1827 571 1892 miseris:
901 1826 1013 1892 Carnis
1029 1825 1117 1890 noae
1132 1825 1330 1908 profluxisse,

228 1913 300 1976 Duo
316 1910 445 1975 stabant
459 1909 621 1976 infecundi
900 1911 967 1976 Nec
981 1914 1168 1990 conceptum
1184 1911 1268 1976 hunc
1282 1911 1445 1990 transisse,

228 1997 463 2092 Supportantes
478 1993 669 2076 gemebundi
900 1993 983 2072 Quin
1000 1991 1182 2080 traductnqr
1197 1995 1351 2076 polluisse

229 2079 326 2159 Legis
340 2079 459 2162 probro
475 2081 599 2144 veteris.
901 2077 1035 2160 Propter
1050 2071 1329 2160 cernis‘regnlam.

172 2163 203 2221 4·
230 2163 326 2228 Venit
340 2171 465 2244 tempus
480 2179 542 2244 qno
558 2161 701 2245 prodiret
844 2155 874 2216 8·
900 2161 992 2238 Quod
1007 2161 1133 2227 excedit
1146 2165 1308 2228 notionem

230 2247 329 2314 Ovem
344 2247 466 2328 lapsum
482 2247 536 2328 qui
551 2246 694 2327 requiret
901 2247 971 2312 Non
986 2247 1120 2327 requirit
1133 2247 1289 2313 rationem

229 2331 332 2396 Notus
346 2331 380 2395 in
396 2330 636 2412 splendoribus:
900 2329 964 2396 Sed
980 2329 1119 2396 divinam
1135 2331 1333 2410 unctionem

229 2415 334 2480 Solem
350 2419 444 2496 parat
458 2415 497 2480 ed
513 2415 675 2490 amictum,
900 2416 987 2495 Ergo
1001 2421 1108 2480 mente
1123 2415 1234 2480 sedule

228 2499 351 2580 Corpus
368 2497 482 2564 Matris
497 2497 709 2576 benedictum,
900 2497 987 2564 Coeli
1003 2497 1121 2578 Regem
1136 2499 1318 2577 adoremus,

228 2582 448 2665 Resplendens
467 2583 650 2648 virtutibus.
901 2581 1037 2647 Matrem
1052 2581 1151 2664 Regis
1165 2583 1391 2660 collaudemus,

173 2670 202 2730 5.
227 2666 346 2732 Labem
361 2668 388 2730 si
405 2683 500 2746 quarn
515 2665 602 2730 vides
617 2663 694 2730 solis
901 2665 946 2730 Ut
960 2683 1031 2732 cum
1046 2667 1111 2732 illis
1126 2683 1356 2748 conregnemus

227 2751 360 2816 Famam
375 2751 482 2832 nigrat
496 2749 592 2815 huius
609 2747 716 2832 prolis
900 2748 962 2814 Per
976 2755 1108 2816 aeterna
1122 2752 1238 2817 secula.
1269 2753 1378 2816 Amen.

173 2857 475 2986 1853TeagMDsniel
495 2857 528 2926 V,
547 2859 609 2914 225.
629 2873 645 2913 e
664 2857 742 2914 Mino.
763 2855 911 2928 Upsalene.
938 2860 1015 2916 1513.
1033 2859 1246 2932 Eccleeiologiet
1264 2859 1388 2918 xcvul.
1413 2859 1473 2916 Oct.

244 2971 251 2984 .
269 2947 297 3002 p.
370 2970 376 2983 .

729 3210 927 3222 nnn—Q

686 3448 755 3508 190.
799 3443 968 3527 Sequentia

408 3551 457 3617 lle
477 3553 578 3618 Beata
600 3551 703 3618 Maria
725 3552 858 3634 Virgine
879 3553 954 3619 Sine
974 3551 1063 3619 Labe
1085 3553 1248 3636 Concepto

566 3677 687 3758 „Virgo
708 3676 876 3758 Virginem
895 3677 1084 3744 Praeclara“

230 3788 369 3852 Auctore
391 3785 652 3851 Eminentissimo
674 3786 720 3850 Ac
741 3785 1019 3852 Reverendissimo
1041 3785 1188 3869 Principe
1211 3785 1255 3850 Ac
1278 3787 1422 3852 Domino.

747 3967 767 4033 J
777 3987 795 4032 o
804 3987 852 4034 an
861 3988 908 4036 ne

479 4079 506 4134 S.
525 4075 668 4132 Romanae
687 4075 831 4133 Ecclesiae
850 4077 1174 4146 Presbytero-cardinali

706 4247 768 4313 De.
792 4247 953 4314 Geissel

275 4358 493 4426 Archiepiscopo
512 4355 670 4412 Coloniensi
690 4355 716 4411 S.
737 4355 816 4411 Sedis
835 4357 1012 4425 Apostolicae
1032 4359 1138 4428 Legata
1157 4359 1230 4415 Nato
1254 4365 1306 4415 etc.
1325 4368 1378 4415 etc.

178 4478 291 4544 Modos
317 4479 459 4544 Musicos
487 4477 535 4542 nb
565 4477 706 4558 Antiqua
734 4477 784 4540 Ad
814 4475 1018 4558 Sequentiam
1049 4479 1142 4546 Salve
1169 4481 1274 4547 Mater
1302 4481 1479 4548 Salvatoris

177 4580 364 4664 Applicntos
386 4579 413 4644 E
429 4579 563 4644 Vetusto
584 4576 707 4644 Missali
723 4577 814 4644 MSS.
830 4577 993 4646 Ecclesiae
1008 4581 1237 4650 Gladbacensis
1252 4583 1377 4650 Saeculi
1393 4584 1478 4654 xlv.

487 4679 664 4764 Descripsit
685 4679 839 4764 Novoque
861 4677 976 4749 Textui
998 4681 1171 4770 Adaptavit
