3190 5226
743 437 786 450 ..
828 403 952 467 20...

196 587 273 653 hris.
314 586 406 652 Anno
423 585 735 652 dominiMillesumo
757 585 1012 665 quingentesimo
1035 585 1178 666 septimo.
1202 583 1254 650 fol.
1278 589 1339 650 307
1359 583 1503 668 pearata

196 672 332 737 Elauer.
375 673 422 737 Es
443 671 548 734 stelrca
569 673 610 734 94
631 668 807 752 Separeaaea
828 669 934 748 ἄανίνν,
957 669 1055 750 ciaiyc
1075 669 1225 733 aaccimal.

281 757 313 838 9)
337 756 480 837 Speciale
492 754 660 820 hfissarum
673 753 845 820 secundum
861 754 991 832 chorum
1003 753 1276 836 Hcrbipolensem.
1313 753 1377 818 Am
1388 752 1501 818 Eride:

196 841 284 906 Finit
306 857 386 922 opus
408 841 579 906 missarum
605 839 789 920 specialium
805 837 845 902 ad
860 857 951 903 usum
967 837 1121 904 dioecesis
1135 838 1377 920 Herbipoleusis
1399 839 1502 903 ductu

197 931 231 990 et
252 926 404 1008 impensis
426 923 553 1006 prouidi
575 924 634 988 viri
657 921 811 987 iohannis
826 923 972 1004 Ryumau
994 923 1034 986 de
1055 923 1223 1004 Oringave.
1246 929 1407 988 caractere
1429 941 1502 988 ma·

197 1011 290 1091 gistri
311 1009 424 1074 Jacobi
453 1007 492 1072 de
521 1006 664 1088 plortzcn
686 1007 811 1072 Basilee
834 1007 1043 1072 elaboratum.
1087 1009 1178 1072 Auno
1209 1005 1248 1072 ab
1278 1007 1503 1072 incarnatione

197 1095 316 1160 domini
338 1091 458 1157 MDIX.
480 1095 551 1155 156.
576 1091 631 1155 Bl.
655 1089 707 1154 iol.
733 1127 771 1138 -
794 1089 852 1155 leb
873 1090 950 1155 habe
972 1111 1035 1154 arar
1057 1091 1155 1170 ciaipa
1175 1089 1351 1174 sequacem
1372 1093 1408 1156 ia
1429 1091 1504 1156 dem

197 1180 233 1243 ia
254 1178 311 1242 der
333 1175 558 1324 quintinachen
580 1175 759 1240 Bibliotbel·
781 1197 823 1239 aar
845 1175 992 1240 Mitras'ler
1014 1174 1216 1260 befiadlt'chcra
1233 1175 1411 1258 Eranptar
1432 1197 1504 1241 cer-

219 1263 332 1327 licheu
366 1280 466 1326 uasere.

195 1285 246 1346 98
284 1347 335 1426 10)
357 1344 432 1409 Dae
458 1343 611 1408 Titclblott
623 1344 715 1428 fehlt.
760 1343 837 1428 Aarf
855 1346 910 1409 clar
931 1343 1051 1409 rethica
1072 1343 1180 1425 spata
1201 1344 1257 1409 der
1278 1345 1405 1409 aracitcn
1419 1343 1504 1410 Scite

199 1433 252 1498 dcc
273 1430 397 1494 Blotlcs
419 1428 609 1494 CCXXXIV
632 1430 721 1493 steht:
754 1429 851 1494 Liber
873 1429 1011 1495 missalis
1034 1448 1095 1494 sec.
1117 1429 1215 1494 ritum
1237 1430 1368 1494 ecclesie
1390 1431 1504 1510 Augu-

198 1517 307 1581 stenis.
337 1532 396 1595 pcr
422 1515 611 1594 magistrum
634 1512 789 1578 Jacobum
810 1511 1030 1578 Plordenssem
1057 1513 1166 1578 inclite
1194 1513 1284 1578 urbis
1312 1514 1503 1578 Basilicusis

200 1600 362 1666 concinam
392 1599 500 1679 sagaci
526 1597 726 1680 imprimendi
755 1596 914 1662 industria
946 1597 1120 1662 terminans
1142 1597 1176 1662 in
1198 1616 1235 1663 eo
1257 1599 1311 1678 qui
1333 1598 1441 1662 omnia
1463 1617 1503 1662 ex

198 1684 298 1749 nihilo
315 1683 447 1748 creauit.
485 1683 577 1748 Anno
599 1689 711 1764 partus
732 1682 875 1760 virginei.
898 1680 1122 1748 M.CCCCO.X.
1145 1682 1376 1748 decimotertio
1392 1681 1503 1746 kalen.

199 1767 389 1833 februarias.
431 1770 497 1835 Am
517 1765 659 1834 Sclrlussa
681 1765 736 1830 Bl.
760 1765 997 1833 COXXXVIII:
1030 1765 1127 1832 Liber
1155 1767 1294 1833 missalis
1316 1783 1377 1832 sec.
1401 1767 1503 1832 ritum

199 1852 330 1919 ecclesie
351 1853 564 1934 Augustensis
588 1854 682 1935 jussu
711 1857 744 1916 et
771 1849 922 1932 impensis
951 1851 1078 1934 prouidi
1106 1850 1166 1915 viri
1197 1850 1373 1916 Oristofferl
1395 1849 1503 1914 Thum

199 1937 361 2002 vendelice
383 1938 523 2002 ciuitatis
547 1937 686 2002 conciuis
707 1935 778 2000 linit
798 1933 942 2000 feliciter.
969 1971 1012 1982 -
1040 1935 1181 2018 Dorcas
1200 1935 1312 2019 salpen
1333 1941 1353 1999 6
1373 1933 1503 2000 Bldtter

200 2021 412 2100 Marcuslrript
436 2020 494 2083 mit
511 2021 685 2104 folgenden
713 2018 907 2100 Sequanam:
942 2019 1002 2084 Nr.
1029 2023 1100 2084 783.
1130 2023 1203 2084 701,
1230 2022 1301 2084 589.
1328 2022 1402 2084 233.
1425 2021 1501 2086 856.

201 2108 274 2170 857.
296 2109 369 2168 704.
391 2108 462 2167 453.
486 2108 558 2171 843.
581 2109 653 2167 417.
677 2107 748 2167 511.
773 2108 845 2167 603.
866 2107 938 2167 510.
981 2102 1077 2168 Diesc
1102 2101 1180 2168 lioba
1207 2103 1257 2168 ich
1285 2123 1345 2168 oras
1373 2101 1444 2167 clera
1466 2103 1504 2167 ira

202 2189 258 2335 ἄνΙν
280 2186 505 2335 Ρανᾶνὲνᾶῗνᾶωι
527 2187 703 2253 Batauum·
724 2209 765 2252 aa
788 2187 937 2252 Miiaster
957 2186 1158 2270 optrrdltclaa
1178 2187 1356 2269 demptae·
1376 2189 1413 2251 ira
1433 2187 1505 2252 Ab·

202 2291 234 2336 sc
247 2273 287 2336 cri
306 2277 318 2335 t
336 2293 369 2335 cr
381 2293 412 2335 aa
425 2277 483 2336 tera.

281 2275 341 2438 il)
363 2355 493 2422 Missale
506 2355 704 2421 celeberrimi
714 2355 1002 2422 Halherstattensis
1017 2356 1219 2438 episcopatus
1234 2355 1504 2438 contemplatione

202 2441 394 2506 venerabilis
427 2441 519 2506 cleri:
553 2440 775 2506 uecessiouata
805 2440 971 2522 diligentia
1000 2457 1132 2521 operose
1163 2442 1369 2522 castigatum:
1403 2447 1503 2522 atque

203 2527 299 2592 etiam
318 2525 559 2608 jucundioribus
581 2525 697 2590 litteris
719 2541 901 2589 excussum:
935 2525 995 2590 hoc
1023 2525 1130 2590 codice
1158 2527 1289 2591 relucet.
1333 2525 1410 2609 Auf
1434 2527 1505 2590 dan
1586 2543 1587 2614 l

203 2615 232 2674 3.
256 2609 383 2678 Blattc:
412 2609 462 2674 Ad
485 2609 604 2674 clerum
618 2608 940 2674 Halberstattensem.
963 2608 1029 2674 Vos
1043 2607 1159 2675 iratres
1173 2614 1206 2674 et
1219 2611 1338 2676 domini
1354 2610 1503 2675 sacerdo-

203 2695 262 2760 tali
284 2699 317 2760 et
339 2693 467 2775 quidem
490 2711 613 2758 summa
635 2694 793 2773 dignitate
807 2693 951 2774 insigniti
973 2692 1128 2776 hocopus
1144 2695 1285 2760 divinum
1299 2693 1504 2760 multosdies

205 2779 404 2845 revolutione
427 2778 466 2842 ob
489 2778 643 2842 honorem
665 2778 792 2842 celestis
814 2779 916 2842 curie:
949 2796 1008 2842 uec
1036 2796 1099 2843 non
1127 2777 1167 2842 ad
1192 2779 1320 2844 laudem
1341 2779 1503 2844 Reveren-

206 2863 475 2946 dissimipatriset
483 2863 615 2928 domini:
628 2861 747 2926 domiui
755 2861 883 2927 Ernesti
891 2861 1177 2943 Magdeburgensis
1188 2863 1414 2947 archipresulis
1422 2861 1504 2927 Ger·

204 2949 371 3028 mariaque
384 2948 547 3029 primatis:
570 2965 608 3011 ac
624 2946 713 3011 ducis
729 2943 865 3012 Saxouie
881 2951 941 3012 etc.
985 2943 1051 3010 Sub
1074 2947 1274 3014 sanctissimo
1288 2955 1381 3029 patre
1396 2953 1431 3013 et
1445 2947 1504 3012 do·

203 3034 290 3098 mino
311 3038 422 3096 nostro
445 3031 571 3096 domino
587 3031 672 3095 Julio
694 3047 778 3112 papa
793 3029 877 3096 scdo.
911 3031 954 3094 Et
973 3030 1233 3098 victoriosissimo
1249 3033 1376 3098 domino
1391 3037 1503 3097 nostro

203 3115 418 3182 Maximiliano
434 3115 671 3180 Rhomanorum
692 3115 894 3195 Jmperatore
909 3133 1007 3197 semp.
1022 3123 1158 3196 augusto
1173 3117 1282 3182 mundi
1296 3117 1502 3200 principibus

203 3203 294 3266 Anno
306 3200 418 3266 salutis
428 3205 539 3264 nostre
550 3203 622 3282 post
632 3198 837 3264 Millesimum
852 3201 1141 3280 quingentesimum
1153 3202 1318 3267 undecimo
1330 3201 1503 3266 accuratis-

204 3288 283 3351 sime
299 3284 501 3350 emendatum
517 3288 549 3349 et
561 3285 595 3349 iu
609 3284 691 3348 hanc
707 3282 930 3349 electissimam
945 3284 1124 3350 litterarum
1138 3285 1273 3351 formam
1288 3285 1504 3368 Jmpressoria

204 3376 275 3436 arte
284 3370 483 3436 elaboratum
494 3388 557 3450 qua
569 3369 659 3434 decet
671 3369 902 3449 gratificatione
912 3369 1078 3450 suscipite:
1100 3389 1200 3452 coque
1211 3371 1321 3436 taliter
1330 3371 1376 3435 uti
1388 3389 1447 3452 pro
1471 3388 1504 3434 a·

205 3461 292 3535 rate,
315 3457 351 3518 ut
374 3453 468 3534 digne
490 3454 522 3518 iu
544 3454 634 3518 vobis
656 3453 829 3518 sacerdotis
844 3472 957 3518 nornen
977 3455 1080 3536 possit
1101 3461 1248 3520 constare
1264 3461 1298 3520 et
1318 3456 1346 3520 si
1365 3455 1423 3520 hec
1470 3473 1503 3520 a·

203 3545 296 3603 terna
317 3539 449 3603 monitio
471 3539 574 3602 locum
596 3537 629 3602 in
651 3537 741 3602 vobis
756 3557 821 3602 non
835 3539 988 3619 captabit.
1011 3538 1054 3604 sit
1072 3539 1187 3604 deinde
1205 3539 1406 3605 adhortatrix
1428 3557 1443 3604 s
1468 3559 1503 3604 n-

205 3623 325 3687 deresis
348 3629 380 3687 et
401 3623 532 3688 tandem
546 3621 650 3686 valete
672 3619 789 3685 felices.
816 3620 926 3687 Gloria
939 3623 973 3687 in
994 3623 1127 3688 excelsis
1149 3623 1218 3689 deo.
1233 3558 1504 3704 -1309cadlyrlte

203 3705 258 3771 ΒΖ.
279 3725 370 3788 prosa
392 3705 467 3780 fol,
500 3704 616 3769 ercthdlt
638 3708 682 3767 62
704 3703 895 3785 Sacaraucae,
918 3706 1047 3772 maacha
1068 3707 1170 3772 aledea
1191 3708 1332 3772 atocimol
1353 3709 1460 3773 daria.

284 3792 335 3872 12)
358 3790 487 3856 Missale
508 3789 687 3854 Mindeuse.
734 3787 890 3854 Titclblctt
901 3789 995 3874 fehlt.
1018 3794 1083 3858 Ara
1104 3793 1213 3858 Evado:
1235 3792 1366 3858 Missale
1390 3810 1504 3858 secun-

204 3876 279 3940 dum
307 3893 415 3940 veram
440 3873 602 3940 rubricam
632 3879 665 3937 et
693 3873 888 3938 ordinarium
915 3876 1047 3940 ecclesie
1076 3877 1253 3942 Mindensis
1283 3877 1394 3942 solerti
1426 3894 1503 3942 cura

202 3961 410 4110 {lnprzsm
434 3959 472 4056 'in
495 3957 619 4107 officina
640 3956 1138 4110 pffoprisrlinrIrgiXGHeffiiffitriKclrls
1161 3960 1401 4110 {xps-unm&
1425 3961 1503 4108 εἰιὲίξ

235 4061 470 4109 uruerensrs.
543 4060 724 4108 unosaur
800 4091 848 4104 ..
931 4091 938 4105 .
1040 4094 1047 4108 .
1094 4065 1134 4111 a.
1186 4064 1252 4109 uu.
1286 4081 1328 4092 -
1397 4065 1434 4109 as
1475 4065 1503 4109 aa

204 4128 319 4194 Daniel
343 4063 373 4192 dg.
396 4132 415 4192 8
435 4132 601 4208 permanete,
624 4125 671 4190 bal
691 4125 975 4208 Wackernagel
997 4131 1028 4196 5.
1051 4130 1100 4194 als
1123 4128 1406 4210 Naamburpcr
1428 4131 1503 4211 cap*-

199 4211 342 4292 pcfb'hrtc
363 4210 542 4275 Masshach.
586 4209 643 4274 rat
673 4209 751 4276 habe
771 4231 836 4275 aar
856 4210 990 4277 claraclara
1011 4212 1189 4296 Sequarraca
1210 4214 1308 4279 cloria
1328 4212 1502 4278 ructuabat

204 4296 317 4372 lassare,
339 4297 382 4361 da
404 4295 518 4359 Daniel
540 4293 677 4360 desectae
699 4295 866 4377 olapelacad
886 4295 1009 4362 bearatat
1031 4298 1094 4363 lant.

288 4381 339 4462 13)
369 4379 500 4445 Missale
529 4377 631 4442 denuo
660 4379 902 4460 diligentissime
930 4383 1122 4462 castigatum
1151 4385 1184 4447 et
1214 4382 1351 4446 revisum
1379 4379 1500 4445 ordinis

203 4464 306 4530 sancti
328 4463 492 4528 Benedicti
513 4460 758 4528 reformatorum
783 4465 947 4545 nigrorum
968 4467 1194 4532 monachorum
1215 4463 1501 4532 Bursfeldensium.

200 4550 266 4616 Am
287 4547 379 4612 Erulc
401 4547 456 4611 dor
477 4546 603 4611 aaoeitca
624 4545 703 4611 Seite
724 4549 778 4613 des
799 4550 926 4616 aza-eirea
948 4549 1073 4616 Blaltas
1103 4553 1173 4632 (der
1202 4549 1336 4616 Vorrcdc
1365 4551 1419 4614 das
1439 4549 1501 4613 Re-

201 4635 348 4714 cognitor
369 4632 464 4715 hujus
479 4631 551 4697 libri
567 4631 708 4698 Missalis
730 4632 889 4714 religiosis
910 4639 942 4700 ct
962 4635 1088 4700 deuotis
1111 4635 1317 4700 Benedictiue
1338 4633 1501 4716 religionis

201 4735 259 4799 pcr
292 4716 494 4782 Germaniam
527 4715 765 4798 professoribus
795 4717 825 4782 S.
855 4717 890 4780 P.
920 4719 973 4800 D.)
1002 4719 1096 4784 steht:
1132 4721 1222 4785 Anno
1252 4717 1372 4784 Christi
1405 4735 1500 4799 supra

201 4799 406 4868 Millesimum
436 4801 726 4884 quingentesimum
756 4801 876 4866 decimo
905 4807 1036 4870 octauo:
1076 4805 1258 4888 presidente
1298 4807 1501 4870 sacrosancte
