3218 5234
701 319 932 386 -110-

193 503 222 565 3.
245 497 273 566 0
289 497 483 582 spiraculum
498 497 690 580 sanctitatis,
713 498 831 598 cignis
847 497 999 580 caritatis,
1021 495 1158 566 oduleis
1177 503 1294 580 gustus
1312 498 1345 566 in
1364 501 1471 584 pecto·
1599 495 1600 564 3

320 583 410 650 ribus
426 589 460 650 et
473 581 591 650 infusio
606 583 748 651 cordium
763 603 797 650 rn
811 583 894 648 hono
909 581 1007 650 odore
1021 581 1193 650 virtutum!

192 672 222 736 4.
245 666 272 733 0
288 665 359 734 lons
372 667 570 751 purissimus,
588 667 620 734 in
636 685 699 752 quo
714 667 943 748 consideratur,
965 665 1050 750 qnod
1064 665 1151 734 Deus
1165 665 1287 734 alienos
1303 665 1426 749 colligit
1439 669 1473 732 et
1599 725 1600 728 ,

318 750 462 834 perditos
475 753 619 835 requirit.

192 841 221 900 5.
244 833 271 900 0
286 835 385 902 lorica
399 835 484 902 vitae
500 841 533 902 et
546 854 619 920 spes
634 835 830 920 compaginis
844 835 1058 903 membrorum
1073 833 1223 917 omnium,
1236 838 1270 901 et
1284 852 1304 902 o
1318 833 1471 916 angulum

319 919 505 1000 honestatis,
520 921 611 987 salva
624 920 751 988 beatos!

191 1007 221 1069 6.
244 1001 378 1070 Custodi
401 1021 467 1086 eos,
492 1004 548 1087 qui
573 1005 727 1072 carcerati
751 1007 827 1072 sunt
851 1003 892 1071 ah
916 1003 1044 1070 inimico
1069 1007 1102 1070 et
1123 1003 1212 1072 solve
1233 1001 1361 1086 ligatos,
1391 1020 1472 1085 qnos

318 1086 428 1154 divina
441 1087 489 1154 vis
503 1089 628 1157 salvare
644 1089 730 1156 vulti

192 1173 219 1235 1.
243 1169 270 1238 Ο
284 1171 347 1238 1551
361 1170 579 1256 fortissimum,
593 1171 680 1258 quod
693 1173 874 1256 penetravit
888 1173 994 1240 omnia
1008 1172 1041 1239 in
1056 1169 1219 1238 altissimis
1238 1175 1272 1237 et
1285 1173 1319 1238 in
1333 1169 1471 1238 terrenis

318 1259 352 1321 et
365 1255 399 1320 in
413 1257 560 1324 omnibus
575 1257 710 1340 abyssis,
726 1275 797 1323 curn
813 1275 924 1323 omnes
938 1256 1099 1340 componis
1113 1263 1146 1322 ct
1160 1255 1295 1338 colligis.

190 1342 219 1404 8.
243 1337 292 1404 De
315 1345 349 1406 te
373 1339 474 1406 nubes
498 1339 609 1422 fluunt,
635 1341 746 1408 aether
766 1341 863 1421 volat,
888 1340 1011 1424 lapides
1032 1341 1197 1408 humorem
1218 1339 1348 1422 habent,
1367 1356 1471 1422 cquae

318 1423 438 1490 rivulos
452 1425 592 1492 5111511115
605 1429 639 1491 et
652 1429 740 1490 terra
753 1425 949 1492 viriditatem
964 1425 1069 1492 sudat.

191 1511 220 1570 9.
242 1505 290 1572 'lu
310 1508 407 1656 efitiartn
430 1527 555 1593 semper
576 1509 684 1576 educis
703 1509 823 1592 doctos,
843 1527 901 1594 per
918 1509 1162 1592 inspirationem
1184 1507 1362 1591 sapientiae
1379 1505 1472 1572 laeti·

342 1610 379 1658 ca
395 1609 441 1657 os.

173 1677 220 1739 16.
244 1672 337 1740 Unde
352 1677 422 1742 laus
438 1675 496 1742 tihi
511 1676 564 1756 sit,
576 1676 631 1758 qui
646 1693 681 1742 es
696 1694 794 1742 sonus
809 1677 914 1743 laudis
928 1681 961 1743 et
972 1676 1122 1760 gandium
1134 1677 1229 1758 vitae,
1240 1692 1313 1760 spes
1324 1680 1357 1742 et
1370 1674 1472 1741 honor

320 1759 523 1842 fortissimus,
539 1759 620 1826 dans
634 1761 778 1847 praemia
791 1761 881 1828 lucis.

244 1890 269 1930 a.
289 1873 383 1930 Text.
420 1875 504 1932 Mona
522 1875 575 1930 No.
597 1878 647 1930 179
674 1875 710 1944 (1,
728 1876 801 1941 264.)
821 1891 888 1930 555.-
905 1874 979 1942 ,,Η5.
998 1891 1035 1929 aa
1047 1871 1473 1944 ll'c'cabaden,13.dolvrh.mit

173 1945 224 2002 der
242 1945 375 2002 Meloda'c.
412 1946 450 2002 Ia
468 1947 519 2002 der
536 1946 698 2004 1155115555.
717 1945 815 2002 cretea·
829 1945 984 2016 dieBrv'csc
1002 1945 1267 2016 55151515555555,
1284 1943 1473 2000 oomKloatcr

171 2015 364 2088 Raperteberp
382 2019 426 2073 tici
443 2017 563 2090 Bc'npeu.
605 2018 707 2074 Daniel
734 2017 768 2088 V,
786 2021 847 2073 201.
874 2018 926 2073 hot
951 2019 1005 2073 den
1030 2017 1102 2073 Teat
1128 2033 1181 2074 aaa
1207 2017 1300 2074 Mona.
1337 2046 1371 2058 -
1412 2015 1472 2086 Vpl.
1599 2011 1600 2090 J

170 2093 255 2142 auten
272 2088 328 2143 No.
345 2092 408 2146 265.

170 2244 216 2300 ΗΒ
242 2175 470 2304 Ιὲαξιέἒῢῖἶηη.
508 2179 533 2234 5.
552 2182 622 2234 atctt
641 2181 670 2232 et
688 2191 705 2232 o
724 2176 817 2248 angui.
835 2177 895 2236 will
912 2179 983 2236 Dan.
1002 2183 1032 2234 et
1049 2177 1188 2248 cingulum
1206 2176 1288 2234 55555.
1318 2205 1353 2218 ·-
1381 2179 1407 2232 8.
1426 2175 1473 2232 dic

243 2351 265 2390 5.
284 2333 442 2394 Bemcrlc.
478 2335 561 2408 „Aas
583 2335 1046 2408 5155551151151111557555155515
1108 2337 1159 2393 der
1177 2337 1253 2394 alteo
1269 2335 1474 2392 Notker‘aehen

171 2403 269 2462 Kaast
296 2407 397 2465 deutera
421 2409 543 2464 mehrere
560 2408 727 2480 8555511555,
756 2409 801 2463 die
826 2409 859 2463 in
885 2409 962 2464 einer
983 2408 1059 2466 Wics
1077 2411 1181 2466 555551·
1204 2407 1397 2477 1155555515
1423 2407 1471 2462 aaa

171 2481 214 2532 12.
232 2476 333 2534 Jahrb.
352 2479 413 2534 sich
424 2481 524 2550 finden
541 2477 609 2549 (No.
628 2483 689 2534 127.
707 2482 769 2534 265.
788 2481 862 2549 516).
898 2479 971 2535 Dico
989 2479 1055 2538 eiad
1072 2481 1215 2537 wirhliche
1233 2479 1352 2550 Prosae,
1378 2479 1472 2534 todem

170 2549 289 2632 diescat
304 2567 380 2620 pana
398 2551 446 2606 dea
463 2551 671 2680 chlogrlmiachcn
688 2549 847 2606 Elementa
865 2552 1023 2620 caldebroc,
1041 2554 1100 2608 and
1117 2551 1163 2608 die
1171 2551 1296 2608 51556155
1308 2551 1369 2607 sich
1381 2566 1471 2620 poor-

171 2634 253 2674 155155
271 2622 344 2678 auch
362 2623 393 2677 ia
412 2623 462 2678 der
569 2624 620 2680 der
637 2623 734 2680 Sildca
750 2623 829 2680 51551
846 2624 1054 2694 cataprccbcn.“
1089 2625 1210 2681 Bartsch
1226 2623 1256 2680 S.
1274 2626 1335 2680 142.
1354 2623 1416 2677 143.

532 2885 601 2948 126.
643 2881 696 2948 Dc
709 2880 886 2967 sauvitate
899 2886 1101 2964 panemos.

173 3017 200 3076 1.
225 3013 296 3080 Lux
309 3013 458 3098 incunda,
474 3017 528 3084 lux
542 3017 684 3101 insignis,
899 3019 1000 3086 Vivae
1015 3023 1091 3085 sunt
1107 3017 1267 3102 primitiae

226 3093 297 3174 Qua
311 3097 350 3164 de
365 3100 480 3168 throno
495 3103 613 3169 missus
630 3103 714 3186 ignis
899 3103 1068 3169 Nascentis
1082 3103 1245 3183 ecclesiae,

224 3181 263 3248 In
278 3182 399 3250 Christi
414 3184 589 3268 discipulos
899 3187 975 3252 Tria
988 3187 1124 3270 primum
1139 3187 1249 3253 millia.

227 3264 333 3333 Corda
347 3269 459 3352 replet,
479 3270 606 3352 linguas
622 3271 714 3352 ditat,
843 3272 872 3334 5.
898 3271 1002 3336 Panes
1018 3271 1099 3354 legis
1116 3271 1268 3354 primitivi

225 3351 275 3416 Ad
291 3353 463 3420 concordes
478 3373 536 3422 nos
550 3356 666 3424 invitat
823 3427 824 3430 ,
898 3355 965 3422 Sub
979 3373 1044 3421 una
1057 3361 1134 3422 sunt
1146 3354 1289 3438 adoptivi

226 3434 379 3516 Linguae,
397 3437 500 3504 cordis
514 3439 671 3505 modulos.
898 3438 977 3505 Fide
991 3437 1054 3504 duo
1070 3439 1196 3522 populi:

170 3520 200 3581 2.
227 3517 374 3586 Christus
388 3520 476 3587 misit
489 3523 576 3605 qnod
589 3524 736 3606 promisit
897 3523 939 3589 Se
954 3521 1078 3590 dnobus
1092 3522 1251 3590 interiecit

226 3601 347 3684 Pignus
363 3623 508 3690 sponsae,
523 3625 619 3688 quem
633 3609 744 3674 revisit
897 3605 1012 3688 sicque
1027 3609 1107 3674 duos
1122 3625 1219 3674 unum
1234 3605 1310 3672 lecit

225 3686 285 3752 Die
298 3689 578 3772 quinquagesima:
896 3691 1002 3774 Lapis,
1018 3691 1247 3775 caputanguli.

225 3770 305 3838 Post
317 3771 480 3840 dulcorem
499 3775 647 3842 melleum
842 3774 871 3835 6.
898 3774 995 3841 Utres
1011 3775 1093 3854 novi,
1109 3793 1171 3840 non
1187 3773 1308 3840 vetusti

225 3855 550 3938 Petraiuditoleum,
897 3861 980 3926 Sunt
994 3877 1128 3941 capaces
1141 3859 1215 3924 novi
1230 3857 1336 3934 musti,

225 3939 323 4006 Petra
336 3941 401 4006 iarn
414 3939 606 4009 firmissima.
897 3943 984 4008 Vasa
998 3948 1092 4026 parat
1106 3943 1216 4007 vidua:

170 4019 199 4081 3.
225 4021 262 4087 ln
276 4024 404 4090 tabellis
419 4027 530 4107 saxeis,
897 4023 1067 4108 Liquorem
1082 4027 1139 4092 dat
1153 4025 1330 4102 Helisaeus,

226 4103 297 4171 Non
311 4107 344 4172 in
361 4107 477 4190 linguis
492 4111 596 4191 igneis
896 4109 997 4176 Nobis
1013 4129 1138 4177 sacrum
1152 4127 1258 4176 rorem
1273 4109 1369 4190 Deus,

224 4189 292 4255 Lex
307 4189 347 4286 de
363 4197 470 4259 monte
485 4195 618 4276 populo:
896 4195 930 4260 Si
945 4195 1042 4261 corda
1058 4195 1123 4261 sint
1137 4211 1287 4276 congrua.

224 4273 340 4340 Paucrs
356 4275 603 4342 cordisnovitas
842 4286 870 4345 7.
896 4278 968 4344 Non
982 4279 1042 4346 hoc
1056 4283 1162 4346 musto
1177 4279 1227 4344 vel
1241 4278 1377 4360 houore,

224 4355 267 4422 Et
282 4357 462 4438 linguarum
477 4360 583 4426 unitas
643 4389 651 4401 ·
896 4363 968 4428 Non
982 4363 1042 4429 hoc
1055 4383 1164 4430 sumus
1180 4363 1267 4445 digni
1284 4379 1367 4440 rore,

224 4441 330 4507 Datur
342 4443 375 4508 in
391 4444 571 4508 coenaculo.
897 4445 931 4512 Si
947 4445 1109 4513 discordes
1124 4448 1282 4512 moribus:

169 4527 198 4589 4.
225 4523 363 4607 Oquam
377 4525 463 4606 ielis,
477 4545 574 4608 quom
590 4525 704 4596 iestiva
895 4529 933 4595 In
949 4531 1091 4597 obscuris
1105 4531 1156 4595 vel
1171 4529 1279 4596 divisis

224 4609 311 4690 Dies,
326 4609 359 4674 in
375 4627 439 4692 qua
452 4611 614 4694 primitiva
895 4613 967 4678 hlon
982 4619 1087 4696 potest
1101 4613 1181 4681 haec
1194 4612 1363 4697 paraclisis

224 4693 391 4761 Fundatur
405 4695 554 4764 ecclesia:
894 4697 1052 4765 Habitare
1066 4698 1225 4766 cordibus.
