3218 5234
718 275 926 341 ..ι-86.-

600 461 652 523 89.
694 455 860 540 Sequentia
874 453 1046 536 praebetis.

558 572 675 640 (Auctor
693 581 735 629 aet
752 571 841 628 Adam
860 572 894 627 de
913 572 940 626 S.
959 567 1092 639 Victore.)

201 686 227 744 l.
251 678 320 744 Lux
334 674 439 742 illuxit
454 673 619 756 dominica,
870 680 898 741 6.
921 673 990 739 Iam
1005 673 1104 740 scisse
1120 670 1190 736 velo
1209 671 1324 754 patuit,

250 759 477 841 buriburgum,
493 759 546 824 lux
561 761 664 840 unica,
922 757 1015 835 Quod
1031 760 1122 822 vetus
1136 755 1186 822 lex
1203 757 1391 837 praecinuit,

251 845 320 912 Lux
336 844 415 908 lucis
432 849 464 908 et
479 843 631 923 laetitiae,
923 842 1076 924 Figuram
1091 858 1144 905 ree
1160 841 1360 921 exterminat,

249 929 319 994 Lux
330 927 520 993 immortalis
536 929 667 1008 gloriae.
924 928 967 992 Et
981 925 1126 990 nmbram
1141 924 1195 988 lux
1211 923 1378 990 illuminat.

199 1019 228 1079 2.
252 1013 343 1079 Diem
359 1009 468 1076 mundi
485 1011 625 1077 conditio
872 1016 900 1076 7.
924 1009 1008 1087 Quid
1022 1027 1126 1088 agnus
1141 1008 1208 1074 sine
1221 1009 1355 1088 macula,

252 1095 460 1162 Commendat
474 1094 514 1160 ab
529 1095 630 1176 initio,
923 1091 1008 1170 Quid
1022 1091 1144 1158 hoedus
1158 1093 1227 1175 typi
1242 1092 1387 1176 gesserit,

252 1179 355 1258 Quam
371 1177 490 1244 Christi
506 1179 698 1244 resurrectio
923 1177 1042 1243 Nostra
1058 1194 1199 1259 purgans
1214 1175 1341 1258 piacula

252 1261 567 1345 Ditavitprivilcgio.
924 1260 1057 1326 Messias
1071 1261 1164 1326 nebia
1180 1261 1293 1340 aperit.

203 1352 232 1412 3.
254 1349 292 1413 In
308 1365 364 1430 spe
379 1348 527 1428 perennia
543 1346 652 1428 gaudii
872 1349 901 1410 8.
924 1345 985 1409 Per
999 1349 1135 1408 mortem
1150 1361 1207 1408 nos
1222 1343 1399 1410 indebitam

253 1431 348 1497 Lucis
363 1431 508 1496 exultent
522 1429 589 1512 filii,
928 1427 1181 1493 Solvitamorte
1197 1425 1315 1507 debita,

254 1515 431 1580 vendicent
445 1513 586 1580 membra
602 1515 724 1580 meritis
925 1511 1080 1577 Praedam
1096 1515 1229 1594 captans
1243 1511 1388 1576 illicitam

253 1597 503 1664 confirmitatem
519 1599 642 1680 capitis.
926 1594 1051 1661 Praeda
1065 1596 1212 1678 privatur
1230 1595 1328 1660 licita,

202 1689 232 1748 4.
255 1682 401 1748 Solemnis
417 1686 466 1747 est
485 1683 667 1758 celebritas,
876 1683 905 1744 9.
929 1677 1050 1744 (tarmis
1065 1677 1151 1744 delet
1165 1679 1338 1762 opprobria

255 1765 298 1830 Et
312 1771 388 1831 vota
402 1771 477 1832 sunt
492 1767 644 1849 solennia,
929 1763 1010 1829 Caro
1024 1763 1146 1844 peccati
1161 1762 1278 1844 nescia,

254 1849 380 1914 Primae
395 1849 458 1915 diei
475 1850 617 1931 dignitas
928 1847 987 1913 Die
1001 1845 1152 1912 reflorens
1166 1848 1264 1912 tertia

256 1933 364 2000 Prima
379 1934 513 2014 requirit
530 1935 657 2016 gaudia.
927 1929 1034 1996 Corda
1048 1927 1214 1996 confirmat
1230 1930 1337 1997 dubia.

204 2023 233 2080 5.
256 2016 490 2082 Sclennitatum
505 2019 609 2098 gloria
858 2019 905 2080 10.
929 2013 1056 2079 Omcrs
1072 2012 1349 2096 Christimirifica,

256 2100 642 2179 Paecbalisestvictoria‚
928 2097 977 2163 Tu
992 2097 1117 2163 Christo
1132 2117 1189 2164 nus
1204 2097 1336 2176 vivifica,

257 2182 323 2250 Sub
338 2183 447 2250 multis
463 2185 695 2265 aenigmatibus
928 2183 1016 2249 Mors
1031 2183 1128 2247 morti
1143 2201 1205 2248 non
1221 2182 1356 2248 obnoxia

258 2266 353 2333 Prius
369 2269 522 2350 promissa
536 2269 693 2351 patribus.
927 2267 979 2332 Da
992 2267 1084 2334 nobis
1099 2265 1184 2332 vitae
1199 2266 1350 2349 praemia.
1369 2266 1487 2332 Amen.

257 2367 351 2424 Text.
389 2369 521 2426 Cliuhtov.
541 2368 589 2440 IV,
610 2372 669 2425 171.
688 2366 788 2424 Daniel
805 2367 843 2436 11,
862 2370 896 2422 71
915 2367 966 2424 bet
985 2367 1031 2423 dte
1048 2369 1066 2422 3
1084 2371 1175 2424 cretea
1194 2365 1298 2424 Zeilar.

615 2583 665 2648 90.
707 2580 1062 2666 &numinenumine

570 2701 687 2769 (Auctor
705 2707 748 2757 est
766 2699 853 2756 Adam
873 2699 907 2755 de
926 2700 953 2755 S.
972 2697 1105 2767 Victore.)

189 2811 216 2875 1.
238 2801 350 2870 Mundi
365 2801 529 2868 renovatio
859 2812 889 2872 4.
912 2802 994 2868 Gelu
1009 2801 1121 2867 mortis
1139 2799 1282 2882 solvitur,

239 2885 570 2970 Novaparitgaudia,
910 2887 1061 2968 Princeps
1075 2885 1185 2951 mundi
1201 2885 1348 2958 tollitur*

238 2971 431 3052 Resurgenti
446 2969 582 3036 Domino
912 2970 955 3035 Et
969 2969 1037 3036 eius
1052 2969 1229 3036 destruitur

240 3054 481 3137 Gonresurgnnt
497 3055 611 3122 omnia.
912 3053 950 3118 In
965 3053 1057 3120 nobis
1072 3053 1257 3136 imperium:

239 3137 405 3204 Elementa
419 3139 562 3205 serviunt
912 3137 997 3202 Dum
1011 3143 1121 3202 tenere
1136 3137 1247 3215 voluit,

239 3221 283 3287 Et
297 3225 437 3290 auctoris
451 3223 594 3288 sentiunt
911 3221 1026 3302 Inque
1042 3220 1249 3288 nihilhabuit

240 3305 368 3384 Quanta
382 3307 446 3373 sint
461 3306 627 3374 sollennia.
912 3304 967 3370 Ius
982 3305 1091 3371 amisit
1105 3305 1278 3388 preprium.

861 3396 889 3455 5.
913 3389 990 3456 Vita
1004 3395 1138 3454 mortem
1154 3395 1294 3472 superat,

188 3478 217 3540 2.
240 3473 256 3539 I
281 3473 329 3540 nie
342 3474 430 3540 volat
443 3475 582 3556 mobilis,
911 3472 1015 3538 Homo
1029 3473 1093 3538 iam
1109 3477 1287 3555 recuperat,

271 3563 285 3623 t
300 3562 355 3624 abr
368 3557 525 3638 volubilis,
913 3555 1005 3634 Quod
1021 3557 1111 3654 prius
1126 3557 1286 3638 amiserat,

241 3641 328 3707 Fluit
343 3661 428 3724 aqua
441 3642 557 3722 labilis,
912 3639 1238 3720 Paradrsigaudium:

242 3723 342 3791 Terra
355 3733 464 3792 manet
479 3725 614 3806 stabilis,
914 3725 1008 3792 Viam
1023 3725 1156 3806 praebet
1170 3723 1296 3791 facilem

241 3807 318 3876 Alta
331 3815 447 3890 petunt
460 3810 551 3891 levia,
914 3807 1282 3889 cherubinversatilem,

244 3891 396 3958 centrum
410 3899 521 3960 tenent
535 3893 655 3974 gravia,
691 3962 694 3974 ,
913 3889 960 3956 Ut
973 3891 1062 3958 Deus
1076 3893 1267 3974 promiserat

242 3975 450 4044 Renovantur
463 3979 578 4045 omnia.
914 3974 1099 4042 Amovendo
1116 3975 1267 4058 gladium.

863 4063 892 4126 6.
915 4059 1063 4126 Christus
1078 4060 1183 4126 coelos
1198 4063 1323 4127 reserat

191 4149 220 4211 3.
243 4142 375 4209 Ocelum
390 4142 426 4208 fit
440 4144 591 4224 serenius,
913 4143 957 4210 Et
972 4145 1116 4227 captivos
1130 4143 1257 4225 liberat,

242 4226 287 4292 Et
300 4244 389 4293 mare
403 4227 616 4307 tranquillius,
917 4227 1003 4306 Quos
1018 4227 1113 4311 culpa
1126 4227 1285 4310 ligaverat

243 4310 569 4392 Spiratauralevius,
914 4311 981 4378 Sub
997 4312 1109 4378 mortis
1124 4313 1272 4378 interitu:

243 4393 348 4461 Vallis
363 4400 475 4460 ndstra
492 4393 617 4461 floruit:
915 4395 978 4461 Pro
993 4399 1084 4462 tanta
1099 4396 1234 4462 victoria

242 4477 569 4558 Revirescuntarida
915 4479 1242 4562 Patri‚proli,gloria

242 4561 456 4630 Recaleecunt
470 4559 597 4644 frigida,
915 4561 1087 4646 Nunquam
1102 4563 1291 4630 transitoria

245 4645 323 4715 Post
337 4665 419 4732 quae
432 4665 488 4716 rer
501 4643 648 4732 intepuit.
917 4645 968 4714 Sit
982 4663 1054 4714 eum
1069 4651 1179 4716 caneto
1194 4647 1321 4732 spiritu.
1350 4647 1463 4716 Amen.
