3234 5246
681 249 911 314 -372-

292 435 364 498 542.
407 431 450 496 Ire
463 432 640 516 festivitate
660 451 703 499 ss.
728 433 858 500 Cosmus
879 437 908 497 et
927 430 1088 498 Damiem'
1106 435 1292 514 mersurum.

143 548 243 618 (Diese
272 550 369 604 beiden
396 547 512 604 Brider
539 555 687 606 stammten
713 567 766 605 cres
793 549 929 618 Arabien,
955 564 1051 604 waren
1068 549 1171 604 Aerrte
1189 550 1248 604 und
1266 549 1384 606 sterben
1402 547 1456 602 als

442 619 590 692 Martyrer
608 623 647 676 im
666 621 693 676 J.
712 625 774 692 303,
802 621 910 676 vererer
929 636 975 675 am
992 623 1036 674 27.
1054 619 1143 690 Sept.)

148 747 175 806 1.
202 742 326 821 cordis,
342 743 407 808 oris
423 742 611 824 symphonia
819 749 847 810 3.
873 743 968 818 victi,
984 743 1071 824 torti,
1088 744 1252 823 carcerati,

110 862 117 874 ·
200 825 464 910 Triumphentem
480 827 540 892 sub
554 827 652 910 Lysis
875 826 1032 906 Crucifixi,
1048 827 1191 910 lapidati,

201 911 336 977 Cesmae
352 917 385 977 et
400 909 548 976 Damieni
567 911 622 993 pia
874 913 1037 993 sagittati,
1053 912 1186 978 erueisti

199 995 582 1077 Peugsmusprasconis:
872 995 934 1062 Per
949 1000 1110 1062 tormenta
1124 995 1229 1062 veria:

201 1079 345 1156 Quorum
358 1079 426 1145 vite
439 1079 581 1161 gloriosa
874 1081 995 1161 Ignem,
1010 1097 1126 1161 aquam
1141 1081 1347 1158 transierunt,

200 1164 314 1244 Pugna
328 1163 421 1228 fortis
436 1167 469 1229 et
482 1163 606 1230 famosa
874 1165 1124 1230 Ferromortem
1140 1164 1351 1246 pertulerunt,

201 1245 288 1312 Mors
303 1247 377 1312 felix
392 1251 425 1312 et
438 1248 583 1330 preciosa
874 1249 975 1314 Dulce
990 1249 1070 1314 meri
1085 1249 1130 1314 sie
1145 1249 1305 1316 duxeruut

202 1331 353 1398 Sublimis
367 1331 510 1398 victoris.
874 1333 936 1398 Pro
952 1333 1083 1398 coelesti
1099 1333 1211 1414 glorie.

144 1415 174 1474 2.
199 1415 278 1482 Arte
294 1415 378 1481 docti
395 1416 572 1482 medicinae
818 1416 848 1477 4.
875 1417 902 1482 0
919 1421 1089 1482 vernantes
1105 1417 1185 1483 coeli
1199 1415 1306 1496 flores,

200 1499 572 1581 Douogrstiaediviuse
873 1501 969 1567 Rosis
983 1501 1238 1582 rubicundiores,

201 1583 540 1666 Sanitatirepeutiuse
873 1585 990 1668 Inclyti
1003 1589 1258 1667 propugnatores

200 1667 386 1750 Languidos
401 1669 593 1734 restituunt:
872 1668 963 1735 Fidei
979 1668 1164 1734 catholicae.

201 1753 343 1833 Aegrum
359 1755 472 1816 curent
487 1756 520 1818 et
534 1753 700 1819 obsessum
874 1752 1053 1836 optimates
1068 1753 1226 1834 honorati,

203 1836 312 1901 Gratis
327 1835 523 1917 denigratis
538 1852 732 1916 concessum,
872 1837 1069 1918 Laurentip
1132 1838 1228 1914 utari,

204 1918 314 1986 Cascis
329 1921 440 1999 visum,
456 1919 579 1986 claudis
594 1937 748 2000 gressum,
873 1921 983 1987 Nostri
998 1923 1068 1988 sitis
1084 1939 1104 1987 s
1126 1921 1231 1988 vocati

200 2003 313 2070 Surdis
328 2023 421 2088 opem
436 2004 591 2071 tribuunt.
874 2005 989 2072 Coram
1005 2025 1128 2073 summu
1143 2006 1258 2073 iudice.

215 2127 240 2166 a.
259 2110 355 2168 Terei.
391 2113 493 2168 Daniel
510 2113 548 2182 11,
566 2116 620 2170 234
638 2129 654 2168 s
672 2113 750 2170 Miss.
769 2114 907 2171 Miudensi
926 2119 1004 2171 1513.

213 2183 240 2238 b.
260 2182 442 2240 Lesarterr.
479 2187 505 2252 2,
525 2190 549 2242 3.
569 2185 721 2254 reperires.
740 2187 811 2241 Dan.
831 2185 979 2257 (Drueks.)

437 2383 507 2447 543.
551 2381 594 2446 In
606 2385 695 2467 sesto
717 2403 759 2448 ss.
784 2383 913 2469 Gyriaer'
933 2389 962 2450 et
985 2385 1150 2449 sociorum.

144 2496 241 2566 (Starb
268 2498 321 2553 mit
349 2496 464 2569 Leryus
489 2499 549 2554 und
566 2497 739 2571 smaragdus
757 2501 892 2644 suff
913 2501 957 2558 ais
975 2499 1123 2572 Martyres
1140 2499 1180 2554 im
1198 2497 1225 2552 J.
1245 2498 1308 2566 303,
1334 2497 1447 2554 eerehrt

695 2588 741 2628 am
777 2616 783 2629 .
830 2591 874 2644 eq.

147 2695 175 2758 1.
200 2691 250 2756 De
264 2695 409 2759 tumente
416 2691 581 2840 §sessionis
819 2698 847 2758 5.
872 2694 981 2762 Socios
996 2693 1030 2758 iu
1043 2691 1194 2775 passione

198 2777 401 2843 Bibeusveri
441 2776 595 2842 alomonis
873 2777 1288 2859 Gouselsturspeeereuse

199 2859 250 2926 Ad
264 2861 507 2926 reclinaturum:
874 2860 1113 2945 spondeuspro
1131 2861 1302 2944 martyrio:

201 2943 320 3009 Christi
336 2943 629 3026 transiitedleete,
873 2947 1004 3012 Orneus
1019 2947 1153 3012 tendens
1173 2945 1215 3010 ed
1231 2963 1380 3028 superna,

200 3027 612 3110 Tuumphehutsepress,
873 3030 1276 3111 Oselterrae‚0lueerns

200 3111 264 3177 Per
278 3113 402 3178 cruoris
417 3112 566 3194 pretium.
872 3115 1151 3181 Luesusnousub
1167 3113 1290 3180 mediol

145 3199 174 3260 2.
202 3195 330 3262 Gradus
343 3195 395 3261 hie
409 3213 599 3280 purpureus,
817 3201 845 3262 6.
872 3199 922 3265 Ad
937 3199 1079 3266 tribunal
1094 3199 1234 3264 trahitur

200 3280 529 3358 Quovolavitroseus
872 3283 916 3348 Et
931 3283 1084 3350 damnare
1099 3284 1224 3365 cogitur

201 3364 326 3446 cyriaci
341 3365 482 3431 enimus:
873 3366 1002 3433 Cultum
1017 3367 1077 3433 Dei
1090 3368 1236 3449 penitus:

199 3448 265 3516 Ubi
280 3449 319 3515 de
333 3449 507 3515 virtutibus
873 3450 938 3517 Sed
951 3469 1138 3533 responsum
1154 3451 1271 3530 docuit„

199 3535 238 3599 Iu
252 3534 389 3599 virtutes
407 3532 570 3614 gressibus
874 3535 944 3613 Quo
959 3553 1131 3601 succensus
1145 3534 1267 3602 ferbuit

175 3617 523 3685 'Fitbsstismestus
872 3619 961 3701 Ignis
976 3621 1026 3684 sui
1041 3619 1183 3702 spiritus.

145 3705 173 3766 3.
200 3701 263 3768 Hie
277 3707 328 3768 est
341 3701 396 3766 ille
411 3700 571 3784 Cyriacus,
818 3703 846 3766 7.
874 3703 977 3785 Super
992 3709 1089 3785 ceput
1104 3703 1207 3770 saneti
1221 3703 1281 3767 viri

200 3785 302 3864 Quem
316 3785 432 3851 inferni
446 3784 558 3851 tremit
572 3785 660 3852 lacus
873 3787 959 3853 Trux
973 3805 1103 3871 praeses
1119 3787 1244 3854 ardoris
1258 3786 1331 3851 miri

200 3871 274 3937 Suis
289 3888 360 3936 cum
375 3869 569 3936 tortoribus:
872 3871 979 3938 Picum
992 3872 1084 3939 iubet
1102 3871 1251 3937 fundere:

199 3955 285 4019 Dum
300 3955 450 4020 adunam
466 3955 616 4021 iussionis
874 3955 938 4022 Sed
952 3956 1079 4021 videtur
1092 3955 1152 4021 hoe
1166 3959 1370 4037 tormentum,

199 4039 318 4104 Vocem
332 4038 397 4103 dux
411 4039 601 4122 proditionis
873 4039 973 4117 Quasi
987 4057 1085 4106 suave
1099 4041 1143 4106 sit
1156 4043 1363 4121 unguentum,

199 4122 299 4203 Fugit
313 4122 353 4187 de
368 4123 564 4204 corporibus.
873 4124 1254 4207 Ardoremrestinguere.

144 4203 174 4264 4·
200 4207 269 4273 Scit
283 4204 343 4271 hoe
356 4205 548 4272 Diocletiani
817 4205 847 4266 8.
873 4206 1351 4275 Tortorvidensneesieflecsi

200 4289 295 4368 Nata,
312 4307 408 4370 quem
422 4290 525 4386 hostis
540 4289 670 4356 immani
874 4290 1042 4374 Cyrieeum
1056 4293 1147 4359 iubet
1157 4293 1257 4396 plecti

200 4372 558 4471 Solyitdetyrsnmde:
874 4375 1190 4459 Cupitisseutentia:

200 4457 316 4522 Fihum
330 4457 416 4540 regis
432 4456 603 4522 Persarum
872 4459 986 4542 Rusio,
1002 4461 1264 4528 odorsuavitatis

201 4540 590 4608 Yobismsteiuebrarum
873 4545 943 4610 Deo
959 4543 1073 4626 faetus,
1089 4563 1160 4612 eum
1174 4543 1285 4612 Beatis

201 4625 367 4694 Liberavit
380 4625 538 4711 praeside.
877 4629 967 4696 Coeli
982 4631 1179 4698 temeratus.
