3234 5246
726 338 955 402 ..442-

563 521 634 583 652.
677 516 729 586 De
750 537 775 584 s.
798 518 946 584 Materno
968 517 1120 600 episcopo.

188 636 309 706 (Wurde
328 655 382 694 uon
401 639 462 696 dem
479 640 709 710 Apoetelsdrstm
727 641 829 698 Petrus
846 644 920 698 noch
938 641 1020 697 Trier
1035 642 1182 714 perchtolt,
1206 641 1285 697 storb
1311 640 1380 695 uber
1399 647 1504 698 mter·

623 729 704 783 00090,
722 715 831 769 verchrt
849 731 894 769 om
913 718 957 768 13.
975 713 1063 784 Sept.)

212 837 240 896 1.
262 831 289 896 0
304 829 460 912 Materne,
476 836 587 914 pastor
602 833 685 898 alme
700 832 883 916 Christique
898 835 984 902 clare
998 835 1174 918 hierarcha,

209 921 238 980 2.
260 914 322 992 Qui
338 913 462 981 Gallica
475 934 552 981 nura
565 917 698 1000 replesti
713 936 806 984 sacru
820 919 966 984 doctrina

209 1003 237 1064 3.
261 999 339 1064 Gurn
355 999 450 1065 sociis
467 1000 576 1079 sacris,
593 999 695 1076 enoda
710 1007 822 1068 nostra
836 1003 950 1084 piacla.

208 1089 238 1148 4.
262 1083 310 1148 Tu
325 1083 476 1166 principis
492 1085 712 1165 apostolorum
728 1091 880 1151 executus
895 1103 930 1152 es
945 1093 1117 1169 praecepta

209 1171 238 1231 5.
261 1165 420 1232 Eucherio
435 1166 626 1250 Valerioque
641 1169 842 1251 subiugando
857 1171 912 1252 pia
926 1170 1017 1236 colla.

209 1255 238 1315 6.
261 1250 343 1315 Nam
359 1269 463 1316 comes
476 1251 600 1317 itineris
615 1251 752 1318 Galliam
768 1254 920 1320 docturus
935 1253 1131 1336 praeveniris
1146 1258 1248 1318 morte
1263 1259 1328 1334 tua,

210 1341 239 1398 7.
262 1333 325 1401 Sed
340 1341 502 1416 tamquam
518 1337 652 1402 convioli
667 1336 798 1419 lugeant
812 1343 846 1403 te
861 1339 942 1403 sacri
957 1356 1031 1404 vere
1046 1337 1149 1404 libera
1163 1337 1301 1418 saecula,

209 1423 238 1498 0.
261 1418 438 1501 Deponeris
453 1438 491 1486 ac
504 1421 650 1502 pensitas
663 1420 715 1486 hic
729 1427 843 1502 quater
859 1421 957 1487 denos
971 1421 1035 1486 heu
1048 1421 1112 1486 ianr
1127 1422 1211 1488 soles
1226 1421 1284 1486 sub
1299 1421 1445 1502 querela.

208 1511 237 1572 9.
261 1503 310 1567 En
325 1504 482 1586 repedant
497 1503 643 1580 consocii,
658 1504 748 1570 iussu
764 1505 908 1588 magistri
924 1510 956 1572 te
972 1506 1128 1571 suscitant
1142 1521 1219 1570 voce
1234 1505 1336 1571 clara:

189 1591 238 1652 10.
261 1585 373 1668 Surge,
389 1587 546 1663 Materne,
560 1587 667 1670 hnque
681 1587 835 1670 funebria,
851 1587 944 1654 fortis
960 1590 1071 1655 adesto
1087 1588 1206 1654 Christi
1220 1587 1284 1655 iam
1300 1589 1445 1669 vernula,

190 1675 238 1734 ll.
261 1670 413 1736 Victurus
427 1688 575 1738 successu
590 1671 723 1738 totidem
737 1691 838 1740 annos
854 1673 993 1757 episcopi
1007 1674 1098 1740 sacra
1113 1671 1198 1738 cura.

189 1757 238 1818 10.
261 1753 340 1832 Quis
354 1773 417 1820 non
432 1759 595 1838 stupescat
610 1761 700 1824 tanta
715 1757 878 1838 miracula,
893 1763 960 1823 tum
974 1757 1119 1823 inaudita
1133 1759 1262 1840 tamque
1280 1755 1404 1838 deifica,

190 1843 238 1904 13.
261 1837 350 1914 Quae
365 1837 513 1906 Christus
527 1858 586 1924 pro
600 1845 730 1907 nostrae
746 1859 844 1907 causa
859 1841 972 1908 salutis
987 1860 1044 1924 per
1059 1847 1092 1907 te
1105 1839 1189 1923 lecit,
1205 1859 1224 1906 o
1239 1839 1417 1926 toparcha?

190 1927 237 1990 14.
260 1921 308 1988 Tu
322 1923 560 1991 celebrantibus
575 1927 712 1992 servulis
727 1923 864 1992 clemens
881 1929 969 1992 tutor
985 1929 1053 1991 esto
1068 1931 1125 1992 tua
1139 1922 1230 1991 festa.

257 2046 281 2086 a.
299 2029 393 2086 Teut.
429 2033 514 2088 Mona
531 2033 584 2088 No.
596 2037 665 2089 1074
683 2035 720 2105 (Β,
738 2036 802 2101 405)
820 2049 888 2090 oue:
906 2031 960 2088 Hs.
970 2049 1007 2090 eu
1015 2032 1187 2090 Donnstodt
1195 2033 1248 2092 No.
1259 2036 1320 2090 545.
1330 2036 1372 2089 14.
1383 2031 1494 2090 Jahrb.

185 2103 237 2158 mit
256 2103 305 2156 dor
323 2103 452 2158 Melodie.
472 2135 505 2146 -·
524 2105 625 2162 Daniel
644 2105 677 2174 V,
697 2108 749 2162 005
768 2106 818 2162 bot
837 2106 890 2160 den
907 2103 978 2160 Text
996 2121 1049 2162 aua
1067 2106 1162 2162 Mune.

257 2189 283 2243 b,
302 2187 489 2244 Losorion.
526 2192 551 2245 8.
571 2189 646 2248 solos
665 2190 817 2247 Hau-10.
836 2192 933 2248 mortis
952 2191 1050 2248 adesto
1069 2189 1220 2246 llo-12.
1240 2207 1303 2248 nam
1321 2191 1414 2246 inaud,
1432 2191 1493 2248 Hs.

258 2293 281 2331 c.
300 2276 451 2333 Bomcrlc.
491 2279 578 2334 Ueber
596 2279 648 2336 dus
667 2277 867 2354 Rtptbmoohe
885 2285 935 2336 etc.
954 2278 1064 2348 spricbt
1081 2277 1201 2337 Bartsch
1218 2278 1246 2334 S.
1267 2283 1309 2334 14.
1329 2281 1389 2333 121.
1408 2281 1477 2335 135.

739 2432 934 2440 ...η-*4.-

387 2548 457 2611 653.
494 2543 537 2610 10
551 2549 661 2612 octono
675 2563 700 2612 s.
716 2545 869 2614 Mourilii
885 2545 1025 2628 episcopi
1038 2544 1288 2626 Andepooensis.

608 2659 709 2729 (Wird
726 2678 771 2717 om
789 2665 832 2718 19.
852 2661 927 2732 Sept.
946 2661 1077 2729 cerebri.)

211 2791 238 2851 1.
257 2786 363 2850 Renes
379 2787 505 2850 nostros
523 2782 777 2865 praecingamus,
883 2787 911 2848 5.
931 2781 1014 2848 Ecce
1029 2797 1130 2848 novus
1144 2777 1196 2846 hic
1211 2777 1333 2860 Helias,

257 2868 300 2935 Et
314 2869 459 2933 lucernas
473 2866 691 2950 praeferamus
931 2865 1030 2932 Cuius
1050 2863 1162 2948 implet
1176 2881 1286 2946 preces
1300 2865 1371 2946 pias

257 2951 417 3018 Ardentes
433 2951 642 3018 inmanibus:
930 2950 1019 3031 Ignis
1033 2949 1149 3015 missus
1164 2947 1311 3016 coelitus:

259 3034 303 3102 Ut
318 3037 364 3102 sio
378 3053 451 3100 caro
468 3035 650 3118 castigetur,
930 3033 1071 3101 Foenum
1086 3051 1181 3098 urens
1196 3031 1364 3116 idolorum,

259 3119 351 3198 Quod
367 3125 400 3186 et
416 3117 498 3184 alter
512 3119 692 3186 illustretur
932 3115 977 3184 Ut
992 3118 1115 3202 expiret
1130 3115 1341 3198 malignorum

256 3203 350 3269 Lucis
365 3223 403 3270 ex
418 3203 576 3288 operibus.
930 3201 988 3266 Vis
1003 3203 1082 3267 elisa
1096 3201 1235 3282 penitus.

209 3293 237 3354 2.
258 3288 336 3354 Voci
351 3289 417 3354 vito
432 3285 656 3366 conformetur,
882 3289 911 3350 6.
931 3284 1040 3352 Saevit
1055 3285 1154 3352 Satan
1167 3285 1201 3350 in
1215 3285 1419 3367 praedonem.

258 3371 292 3438 Si
306 3389 366 3437 vox
381 3373 466 3437 vitae
480 3372 664 3452 reluctetur,
929 3369 1154 3436 Errabnndum
1173 3385 1345 3450 agasonem

256 3457 340 3522 Laus
356 3461 404 3522 est
418 3457 486 3522 sine
500 3456 620 3540 pretio:
930 3456 1037 3536 Agens
1053 3453 1129 3519 orbe
1145 3451 1254 3518 devio:
1403 3461 1406 3466 '

256 3540 341 3606 haus
356 3541 389 3605 in
403 3557 459 3606 ore
473 3539 660 3623 peccatoris,
929 3537 1036 3604 Nauta
1050 3536 1141 3604 febre
1155 3537 1289 3620 rapitur,

255 3625 292 3690 In
308 3629 479 3706 conspectu
495 3623 669 3692 conditoris
930 3621 1014 3686 Dum
1030 3639 1088 3688 nec
1102 3637 1195 3704 prece
1210 3619 1350 3686 flectitur

256 3707 332 3774 Sola
344 3709 539 3790 superstitio.
930 3706 992 3772 Pro
1008 3724 1075 3785 suo,
1091 3723 1150 3772 nec
1165 3703 1278 3788 pretio.

208 3793 237 3856 3.
255 3791 342 3875 Ergo
357 3791 429 3858 labe
443 3791 630 3874 propulsata
883 3791 910 3856 7.
930 3789 978 3856 00
995 3789 1120 3872 insigne
1135 3787 1317 3856 sanctitatis

255 3877 349 3943 Mens
363 3876 493 3954 exultet,
509 3879 682 3958 provocata
929 3873 1103 3940 Mundialis
1119 3873 1286 3954 dignitatis

256 3961 398 4042 Linguae
413 3959 607 4025 ministerio:
930 3957 1120 4039 Contempto
1135 3954 1275 4038 fastigio,

255 4045 351 4111 Plebs
361 4043 485 4124 devoto,
497 4043 618 4125 Regem
626 4041 811 4107 coelestium
928 4041 1144 4122 Praesulatur,
1161 4041 1218 4106 sed
1233 4040 1386 4104 honorem

256 4129 463 4209 Veneremur,
506 4145 624 4193 erenne
639 4125 791 4208 gaudium
929 4125 1151 4207 ”transfigurat
1165 4125 1198 4190 in
1213 4125 1357 4192 laborem

256 4211 445 4277 Praestante
495 4211 619 4278 aurilio.
928 4209 1047 4276 Fidelis
1062 4209 1168 4292 opilio.

207 4295 236 4356 4.
256 4295 283 4360 0
299 4314 394 4377 quam
408 4295 494 4377 felix,
509 4312 603 4378 quarn
619 4293 770 4360 colendus
880 4291 910 4358 8.
929 4294 1092 4360 Enervata
1105 4293 1273 4360 vinaturae

255 4379 315 4445 Est
329 4380 486 4459 sacerdos,
502 4378 696 4444 reverendus
928 4378 966 4444 In
981 4376 1171 4444 foecundum
1185 4375 1303 4442 mentis
1318 4393 1418 4460 purae

255 4464 383 4530 Plasma
399 4462 508 4528 Sancti
523 4461 678 4544 Spiritus:
928 4459 1111 4528 Foecundat
1126 4459 1242 4526 oratio:

256 4547 353 4614 Cuius
368 4547 516 4614 natalitio
928 4543 1323 4628 Mentecapttliberutur,

255 4633 379 4699 Psallat
393 4650 464 4698 cum
479 4629 620 4712 tripudio
929 4629 992 4695 Sed
1007 4635 1040 4695 et
1055 4629 1162 4694 lumen
1177 4633 1346 4726 reparatur

257 4715 596 4784 coelestiserercitus.
929 4711 1259 4780 Cedentedaemomo.
