3234 5246
695 329 927 393 -408-

166 509 217 571 21.
240 505 347 572 Nostri
363 508 407 574 sis
421 525 552 589 memor,
568 507 689 574 Christi
702 510 840 590 petimus
855 508 1126 590 confessoremque
1140 508 1251 574 veniae
1265 511 1426 592 precator.

167 593 217 655 22.
239 589 316 668 Rex,
335 591 431 670 Deus,
448 592 588 659 clemens
603 595 637 658 in
652 611 773 666 omnes,
796 595 967 674 rossana,
992 598 1194 674 peccatorum
1217 598 1328 674 tergas
1351 597 1477 658 cuncta

314 675 455 755 crimina,
472 683 505 741 et
520 677 562 742 da
576 683 709 742 aeterna
724 678 849 760 gaudia.

236 782 332 838 Temt.
368 783 457 840 Morel
476 785 528 840 No.
547 787 608 840 435.
640 786 667 842 S.
686 788 738 838 241
764 802 829 842 aaa:
856 785 907 840 Ha.
927 801 964 840 aa
988 785 1028 840 st.
1048 785 1149 843 Golden
1167 787 1219 843 lio.
1239 789 1291 842 546
1310 785 1475 858 (Brunder),

165 855 217 908 mit
236 855 297 909 mm
316 853 401 910 Titel:
420 856 568 924 Sequentia
587 857 755 927 perpulchra
773 857 832 911 und
851 857 900 912 der·
918 855 1050 913 Melodie.

729 1019 749 1022 -.
764 1017 902 1024 --.-.-.—.--.

601 1151 671 1214 601.
715 1147 767 1214 De
787 1167 812 1213 a.
835 1145 1038 1231 Hieronymo.

168 1293 194 1354 1.
221 1286 332 1355 Gaude
349 1286 424 1353 Sion
439 1288 479 1353 de
494 1286 609 1354 decore
840 1293 868 1354 5.
894 1287 978 1353 Vere
993 1287 1091 1368 sidus,
1108 1285 1194 1369 quod
1209 1285 1312 1351 illuxit

220 1370 280 1437 Tui
296 1371 418 1438 fructus
433 1377 467 1438 et
482 1371 612 1453 honore,
895 1371 987 1438 Nocti
1003 1371 1070 1437 dies
1085 1375 1118 1434 et
1132 1368 1257 1434 influxit

222 1455 292 1532 Quo
307 1455 472 1538 sublulges
487 1455 599 1522 hodie:
895 1455 1080 1521 Gratiarum
1095 1453 1195 1536 copia,

222 1538 300 1622 Spes
316 1539 496 1606 desursum
513 1542 606 1606 nobis
622 1541 726 1618 datur,
893 1538 978 1606 Dum
993 1538 1045 1604 hic
1059 1538 1195 1604 mundus
1210 1536 1392 1603 illustratur

219 1623 302 1690 Dum
318 1623 527 1707 lieronymus
541 1624 665 1691 locatur
895 1623 938 1689 Et
952 1625 1124 1688 multorum
1140 1621 1326 1688 sublevatur

218 1707 288 1773 Iam
302 1709 335 1772 in
351 1707 426 1774 sede
441 1709 574 1790 gloriae.
894 1706 1075 1789 Pauperum
1090 1707 1207 1788 inopia.

164 1795 194 1856 2.
220 1789 321 1858 Dulce
335 1791 430 1858 nimis
446 1793 500 1874 qui
517 1793 671 1871 doctrina,
839 1791 867 1853 6.
894 1789 1032 1873 Oquam
1047 1789 1150 1874 fulget
1165 1795 1220 1855 tua
1237 1790 1313 1868 vita,

218 1875 304 1941 Luce
320 1874 443 1960 depulit
459 1877 565 1942 diviua
894 1875 957 1941 Per
971 1892 1066 1956 quam
1081 1893 1139 1939 nos
1152 1875 1314 1940 instauras
1328 1873 1378 1940 ita

219 1958 362 2026 Nebulae
377 1963 572 2028 moestitiae:
894 1959 1015 2026 Versus
1029 1959 1109 2024 coeli
1124 1959 1271 2041 patriam,

219 2042 301 2108 Nam
317 2049 446 2110 terrena
461 2045 557 2110 coelis
576 2043 689 2123 iunxit,
894 2043 940 2110 Ut
954 2061 1118 2126 perversas
1132 2061 1204 2108 cum
1218 2041 1382 2108 doctrinas

219 2125 268 2192 Ob
284 2129 369 2210 quod
385 2147 455 2194 eum
470 2129 556 2194 Deus
571 2129 662 2193 unxit
894 2127 1019 2209 Cassae,
1035 2127 1122 2193 tollis
1137 2132 1170 2192 et
1184 2127 1294 2192 ruinas

220 2209 298 2276 Oleo
314 2213 467 2278 laetitiae.
892 2213 1023 2278 Donans
1040 2212 1104 2277 reis
1118 2211 1252 2277 veniam.

164 2296 193 2358 3.
220 2293 285 2361 Sed
300 2315 378 2376 prae
393 2295 501 2362 multis
518 2295 703 2377 honoratur,
838 2297 865 2357 7.
891 2297 976 2361 Hinc
990 2301 1138 2360 naturam
1153 2301 1189 2361 tu
1203 2293 1381 2376 praecellis,

220 2379 322 2462 Super
336 2385 426 2444 astra
440 2381 515 2444 dum
529 2379 655 2446 locatur
890 2378 1336 2463 Malacunctaproculpellis

221 2463 357 2530 Sanctus
373 2463 483 2529 doctor
498 2463 612 2529 altius:
891 2465 1081 2546 Reprimens
1096 2463 1274 2542 daemonia,

220 2551 335 2612 Arcem
350 2548 405 2613 ubi
421 2547 575 2614 trinitatis
890 2549 1008 2614 Potens
1024 2549 1138 2612 mirum
1151 2549 1185 2613 in
1200 2548 1329 2624 virtute,

218 2630 304 2697 Luce
319 2649 462 2698 summae
477 2629 633 2698 claritatis
891 2631 973 2696 Nam
989 2638 1022 2698 te
1037 2631 1124 2698 Deus
1139 2631 1225 2696 locat
1239 2635 1309 2696 tute

220 2714 604 2798 Contemplaturclarius.
891 2715 981 2782 Bona
995 2733 1092 2798 super
1106 2716 1221 2780 omnia.

163 2797 192 2858 4.
220 2797 347 2864 Gaudet
361 2801 477 2865 chorus
492 2800 689 2881 angelorum,
835 2803 864 2864 8.
891 2799 951 2864 Eia
967 2805 1059 2882 pater
1075 2799 1287 2880 orphanorum

219 2881 312 2959 Quod
329 2883 368 2949 de
382 2884 466 2949 valle
480 2886 669 2949 miserorum
891 2882 1292 2962 Consolatormiserorum

219 2965 319 3032 Stella
333 2967 412 3033 lucis
427 2968 545 3033 oritur:
891 2968 979 3033 Coeli
993 2973 1104 3048 portas
1119 2985 1227 3032 resera

221 3050 319 3116 (luitis
334 3059 406 3118 ortu
420 3050 612 3118 fecundatur
890 3051 960 3132 Hie,
975 3051 1030 3133 qui
1047 3051 1155 3116 colunt
1169 3057 1226 3116 tua
1240 3049 1332 3130 festa,

219 3133 328 3215 Terra,
344 3134 418 3201 dum
433 3136 617 3215 irradiatur,
891 3133 938 3200 Ut
953 3153 1010 3218 per
1023 3134 1119 3200 huius
1133 3133 1242 3200 mundi
1258 3138 1382 3199 moesta

218 3219 295 3286 Vita
308 3225 401 3286 vetus
417 3222 560 3287 moritur.
891 3219 1070 3285 Transeunt
1086 3219 1126 3284 ad
1142 3219 1283 3285 aethera.

235 3344 261 3383 a.
277 3327 372 3383 Text.
408 3328 492 3384 Mune
511 3329 563 3383 No.
582 3330 633 3383 971
654 3331 690 3398 (3,
709 3327 772 3397 339)
791 3343 857 3383 aaa:
883 3327 936 3383 Ha.
964 3343 1002 3383 aa
1019 3327 1060 3384 Sc.
1080 3327 1189 3398 Goliam,
1214 3327 1266 3383 No.
1286 3327 1339 3380 546
1364 3324 1465 3394 (Bran-

163 3399 222 3472 der)
241 3399 260 3454 f.
281 3403 340 3455 183.
359 3400 411 3454 mit
430 3401 479 3454 der
498 3399 692 3467 Melodie,15.
711 3397 811 3454 Jodrlr.

232 3489 258 3544 b.
277 3487 462 3544 Leaortcm.
500 3491 524 3557 1,
543 3493 568 3544 3.
588 3489 641 3556 Qui
660 3487 721 3557 Hs,
740 3487 817 3541 loon
834 3487 937 3554 staden,
956 3504 1036 3543 mean
1054 3503 1121 3542 moa
1140 3486 1279 3556 subiulget
1296 3489 1375 3552 aetat,
1395 3484 1466 3540 ader

163 3558 210 3614 die
228 3559 340 3613 Aureae
357 3559 422 3628 pelet
439 3575 493 3613 oon
513 3563 589 3628 1-3‚
618 3558 706 3613 daher
732 3559 771 3613 iat
790 3575 844 3627 quo
864 3559 963 3616 brosor.
991 3561 1029 3614 M.
1067 3590 1101 3600 -
1137 3563 1163 3614 2.
1182 3557 1245 3613 Mir
1262 3557 1369 3612 acirim
1388 3555 1466 3610 dulci

163 3630 306 3686 doctrinae
325 3631 387 3686 luce
406 3630 515 3686 melnae
534 3631 634 3685 bercer.
652 3630 690 3686 M.
710 3659 744 3670 -
763 3633 788 3700 5,
807 3633 832 3684 2.
851 3629 902 3688 Iclr
920 3631 1027 3687 mdcltte
1046 3631 1120 3686 leaeo
1138 3629 1210 3686 diem
1229 3627 1337 3684 induxit
1359 3627 1397 3681 lli.
1429 3656 1464 3667 -

162 3705 188 3774 ὁ,
207 3704 233 3758 a.
252 3701 291 3760 sic
307 3708 384 3758 roure
402 3703 501 3757 bercer.
521 3701 559 3758 lii.

714 3859 909 3870 ...η-..-

595 3985 665 4048 602.
708 3979 761 4048 De
780 4000 806 4047 a.
828 3979 1030 4064 Hieronymo.

163 4115 240 4184 Sion
254 4114 331 4183 felir
345 4118 509 4200 gratulare
876 4115 1059 4195 Interquos
1076 4111 1314 4194 offertosunus‚

164 4199 581 4286 Coelioivescontemplare
875 4199 980 4280 Larga
995 4198 1049 4279 qui
1064 4197 1202 4262 coeleste
1217 4215 1332 4262 munus

162 4283 220 4350 Pio
234 4287 350 4351 mentis
365 4286 465 4366 oculo,
875 4282 969 4346 Dulci
985 4281 1093 4347 hausit
1108 4281 1220 4365 poculo
1236 4289 1296 4348 etc.

234 4391 328 4449 Trai.
364 4393 464 4450 Daniel
483 4393 519 4464 Il,
537 4396 591 4450 224
609 4393 659 4449 iot
677 4393 771 4448 dircen
789 4391 907 4462 Ausone
925 4405 978 4447 oua
997 4389 1075 4446 Mira.
1094 4390 1189 4446 Patar.
1209 4391 1286 4444 1491.

711 4585 911 4596 ——n———oe
