3218 5234
688 295 921 362 -14a-

6 508 15 539 ι
147 481 181 545 4.
207 475 276 544 Nos
292 493 368 558 ergo
384 475 468 544 dulci
484 477 623 543 carmine

208 561 391 628 Laudemus
405 563 438 627 in
454 563 513 626 hae
527 562 650 642 virgine

207 645 404 728 conceptum
420 647 487 711 sine
507 647 631 712 nubilo:

207 731 301 797 Hauc
316 737 499 814 conceptam
514 749 553 796 cx
568 729 688 798 semina

207 813 253 880 Et
266 817 417 880 mundam
433 816 473 881 ab
488 815 610 898 origine

207 899 334 966 Laudet
348 899 463 964 chorus
479 918 550 964 cum
565 899 675 965 iubilo.

226 997 321 1055 Text.
355 998 434 1056 Miss.
454 998 532 1056 fratr.
552 998 641 1055 Paria.
662 1001 739 1054 1520.

828 483 857 546 5.
884 475 930 542 Ut
944 480 1031 542 mota
1047 477 1132 542 dulci
1147 475 1276 542 modulo

882 561 948 627 Nos
964 569 1068 626 servet
1082 565 1114 627 in
1130 563 1189 626 hoc
1205 560 1332 626 saeculo

883 645 1020 712 Mundus
1035 647 1076 711 ob
1092 647 1176 710 omni
1192 647 1339 712 emmine:

883 729 926 796 Et
940 731 972 794 in
988 731 1099 795 mortis
1114 731 1249 796 articulo

883 813 1015 880 Liberat
1029 833 1048 879 a
1063 816 1203 898 periculo

884 898 928 966 Et
940 897 1232 983 ioicrniovoragine.
1261 901 1372 966 Amen.

397 1275 466 1338 1s1.
511 1271 552 1338 In
573 1274 768 1356 conceptione
788 1271 893 1340 beatae
914 1271 1046 1338 Mosae
1069 1272 1213 1354 virginis.

151 1415 182 1476 1.
207 1405 258 1472 Ex
271 1405 410 1488 virgulto
425 1405 465 1474 de
478 1407 567 1474 Iesse

207 1492 297 1557 Dens
311 1490 352 1556 ad
367 1509 438 1558 esse

209 1575 255 1642 'l'e
270 1576 408 1642 vocavit:

208 1659 322 1726 Esaias
337 1665 374 1725 nt
391 1660 481 1740 prius

209 1744 342 1810 Occulta
356 1745 440 1810 scius

207 1828 426 1911 Prophetaait.

150 1995 502 2064 mmmmmm

207 2080 296 2147 Iesse
310 2081 401 2162 virga
414 2081 505 2148 felice

209 2165 354 2232 Orietur:

209 2248 310 2314 Stella
325 2249 423 2314 maris
438 2248 561 2328 solaris,

208 2333 278 2399 Lux
293 2339 329 2398 tn
344 2333 419 2398 dnm
435 2333 651 2400 circumdaris.

207 2416 277 2483 Hoc
290 2418 451 2500 impletur.

151 2592 181 2653 3.
208 2585 321 2667 Surgis
336 2589 369 2650 et
383 2585 571 2666 virguncula

207 2669 254 2735 Es
267 2676 305 2735 ut
319 2669 497 2735 saliuncula

207 2753 377 2819 Inchoata:

208 2837 350 2920 Sponsus
365 2839 397 2902 in
412 2836 545 2902 meridie

209 2921 255 2987 Te
269 2926 363 2988 vocat
377 2921 529 3004 quotidie,

208 3005 289 3073 Veni
304 3013 406 3089 grata.

224 3115 316 3171 Text.
353 3115 430 3171 Miss.
450 3113 544 3170 solon.
565 3116 642 3172 1504.

826 1412 856 1474 4.
883 1407 998 1473 Samen
1013 1407 1072 1473 hoc
1087 1407 1270 1486 beneficum,

880 1491 1004 1558 Numen
1024 1493 1084 1557 hoc
1099 1491 1253 1560 Delficum

882 1577 1017 1660 Spondit
1032 1594 1123 1642 arae:

881 1661 992 1726 Genus
1007 1661 1067 1725 hoc
1081 1659 1282 1738 magnificum

879 1747 1003 1826 Regum
1019 1751 1052 1808 et
1070 1745 1254 1825 pontificum

880 1830 1014 1894 Florcns
1029 1827 1132 1893 chare.

826 1913 855 1977 5.
882 1913 980 1978 Soror
996 1931 1113 1994 sponsa
1127 1911 1195 1976 filia

881 1997 998 2064 Nostra
1013 1997 1045 2061 in
1061 1996 1178 2061 cubilia

881 2081 991 2146 Floras
1005 2099 1079 2145 nem
1096 2087 1132 2145 ut
1146 2079 1214 2146 lilia

881 2167 970 2232 Inter
988 2167 1112 2248 spinas:

882 2249 970 2326 Quae
987 2259 1019 2314 et
1037 2249 1155 2314 flebilia

880 2334 1024 2400 Reveilet
1039 2333 1157 2398 auxilia

881 2418 960 2484 Labi
975 2420 1008 2483 in
1024 2418 1118 2482 exilia

880 2502 927 2567 Ut
941 2521 1002 2568 non
1019 2503 1114 2568 sinas,

827 2584 856 2646 6.
881 2588 919 2652 In
935 2586 1139 2667 conceptione

882 2671 998 2737 Matris
1012 2671 1108 2734 ihesu
1123 2669 1205 2733 bone

883 2754 1013 2820 Cunctis
1028 2753 1175 2834 gentibus
1192 2751 1236 2818 sis
1252 2749 1410 2816 solamen:

882 2839 921 2904 In
935 2837 1007 2904 finis
1022 2855 1123 2919 agone

884 2923 973 2988 Coeli
987 2941 1045 2987 nos
1061 2939 1196 2986 coronae

883 3005 983 3090 Virgo
998 3005 1129 3073 sedibus
1144 3006 1267 3086 iungas.
1296 3002 1407 3068 Amen.

392 3358 463 3421 182.
505 3353 558 3422 De
580 3355 773 3439 conceptione
795 3355 1055 3424 beataemariae
1076 3351 1220 3436 arpinis.

153 3499 181 3559 1.
208 3487 385 3554 Salvatoris
400 3495 504 3556 mater
518 3492 581 3572 pia,

207 3571 320 3639 Mundi
334 3572 428 3639 haim
443 3592 528 3654 spes,
543 3575 660 3658 Maria,

208 3657 275 3722 Ave
289 3658 385 3739 plena
401 3659 523 3740 gratia:

207 3741 306 3806 Porta
321 3741 411 3820 coeli,
428 3741 582 3824 templum
597 3743 666 3826 Dei,

207 3825 307 3891 Maris
322 3833 445 3908 portua,
461 3826 502 3891 ad
516 3845 612 3908 quem
627 3829 674 3894 rei

208 3909 349 3975 Currunt
364 3929 434 3975 cum
450 3909 575 3976 fiducia.

151 4001 182 4060 2.
210 3993 330 4060 Summi
345 3995 432 4076 regis
446 4013 565 4076 sponsa
580 3995 686 4077 digna

207 4077 337 4144 Cunctis
352 4077 488 4144 clemens
504 4085 537 4144 et
550 4081 691 4162 benigna

208 4160 347 4244 Operum
363 4160 532 4244 suffragio:

207 4245 319 4311 Caecis
334 4246 451 4326 lumen,
468 4247 590 4312 claudis
606 4247 668 4328 via,

206 4328 309 4394 Nudis
324 4329 453 4396 Martha
468 4336 501 4396 et
515 4331 619 4398 Maria

207 4412 326 4478 Mentis
341 4414 510 4480 desiderio.

149 4500 181 4562 3.
207 4495 297 4563 Inter
312 4499 421 4580 spinas
436 4499 495 4565 ilos
511 4497 609 4580 finisti,

208 4579 261 4646 Sic
274 4580 333 4648 llos
348 4580 421 4647 flori
436 4584 593 4666 placuisti,

204 4665 340 4731 Pietatis
354 4669 474 4748 gratia:

191 4769 303 4820 latreia,
320 4767 454 4820 &guama-

881 3489 1023 3556 Verbum
1037 3486 1135 3553 verbo
1151 3485 1334 3566 concepisti,

881 3577 1002 3656 Regem
1016 3591 1129 3655 regum
1144 3569 1298 3654 peperisti

882 3661 982 3741 Virgo
997 3659 1057 3722 viri
1072 3657 1190 3722 nescia.

826 3751 856 3811 4.
882 3745 963 3824 Regi
978 3749 1054 3809 nato
1070 3737 1255 3816 adhaesisti,

882 3829 984 3906 Quem
1000 3826 1126 3892 lactasti
1143 3830 1176 3889 et
1190 3821 1309 3906 pavisti

882 3913 973 3979 More
989 3911 1102 3976 matris
1117 3909 1241 3974 debito:

883 3995 973 4073 Quae
988 3996 1155 4060 coniuncta
1169 4009 1253 4057 nunc
1268 3989 1381 4072 eidem,

882 4081 928 4147 Es
942 4079 1054 4161 regina
1069 4078 1154 4143 iacta
1168 4074 1292 4158 pridem

884 4164 1022 4246 Operum
1037 4181 1095 4245 pro
1110 4162 1235 4226 merito.

755 4293 759 4304 .
827 4252 856 4314 5.
882 4249 959 4314 Reis
974 4266 1050 4330 ergo
1065 4246 1124 4326 fac,
1140 4245 1261 4328 regina,

882 4333 977 4415 Apud
991 4349 1109 4414 regern,
1126 4335 1162 4395 ut
1176 4327 1269 4394 ruina

881 4417 1078 4483 Relaxentur
1092 4413 1216 4480 debita:

880 4501 924 4568 Et
938 4519 1074 4582 regnare
1089 4499 1140 4565 fac
1154 4503 1293 4578 renatos,

881 4586 910 4651 A
924 4593 1017 4652 reatu
1032 4589 1225 4665 expurgatos

881 4669 1008 4740 Pietate
1021 4669 1124 4736 solita.

1213 4769 1252 4836 10
