3266 5222
711 327 943 392 —tte-

181 513 211 574 4.
239 508 359 574 Parcus
374 509 432 576 Dei
449 511 543 591 laeta,
858 519 886 578 5.
912 513 984 579 Tibi
999 513 1042 578 sit
1057 513 1160 595 gloria

239 595 345 660 Mater
360 597 416 660 sed
431 597 562 676 intacta,
913 599 1048 664 Saecula
1062 615 1118 680 per
1137 598 1243 662 omnia

239 677 350 744 Maria.
914 683 1026 748 Maria.
1049 683 1159 748 Amen

238 763 287 827 Tu
302 765 410 828 muudi
432 765 570 844 domina,

238 847 406 913 Goelornm
422 849 541 930 regina,

237 931 349 997 Maria.

165 1059 173 1070 ·
254 1059 278 1096 a.
298 1041 384 1096 Text
428 1043 518 1098 Morel
547 1043 598 1097 No.
618 1047 678 1098 200.
707 1043 734 1098 S.
765 1047 825 1098 126.
853 1061 921 1098 ans:
948 1043 1001 1098 Ha.
1031 1061 1067 1098 eu
1085 1042 1125 1096 St.
1146 1041 1245 1096 Galleo
1272 1041 1324 1098 No.
1344 1045 1406 1108 546,
1434 1041 1484 1095 dn·

181 1114 432 1252 {gggtppsswm'
460 1115 527 1168 oder
552 1115 603 1168 mit
631 1117 840 1170 oeracln'edener
868 1115 992 1170 Melcclr'e
1018 1117 1073 1186 (Α).
1111 1143 1144 1156 -
1181 1115 1258 1170 Mire.
1287 1113 1364 1168 irate.
1394 1113 1483 1168 Paris.

253 1276 279 1329 b.
299 1273 479 1329 Leaarten.
517 1279 542 1329 3.
561 1275 640 1330 Felix
661 1281 689 1329 et
707 1276 796 1342 beata,
817 1275 876 1330 Deo
895 1275 1071 1340 foecundata,
1090 1275 1190 1328 Maria.
1208 1271 1348 1330 Restanra
1366 1272 1484 1342 perdita,

182 1347 297 1402 Dimitte
317 1345 417 1414 debita,
436 1347 535 1402 Maria.
572 1351 596 1400 4.
626 1347 730 1402 Parens
758 1347 801 1402 dei
829 1346 911 1414 lacta,
939 1347 1030 1402 Mater
1055 1345 1104 1402 sed
1122 1347 1236 1412 intacta,
1255 1347 1353 1400 Maria.
1390 1345 1484 1400 Nost

181 1419 295 1473 miseria
312 1415 407 1472 Reduc
426 1417 460 1471 ad
479 1418 588 1486 gaudia,
607 1419 707 1472 Maria.
744 1421 768 1472 5.
796 1417 838 1472 Tu
858 1418 952 1472 murndi
970 1418 1079 1472 domina
1099 1418 1244 1473 Coelnrnm
1264 1417 1368 1487 regium
1384 1417 1483 1471 Maria.

182 1491 226 1544 sit
243 1489 293 1542 tibi
312 1489 400 1556 gloria
419 1490 516 1544 Saccla
536 1505 585 1557 por
604 1491 701 1544 omnia.
721 1490 819 1544 Maria.
840 1491 872 1546 Α.

254 1595 276 1631 c.
295 1576 451 1633 Bernerk.
491 1577 579 1632 Uetcr
597 1581 642 1632 dic
660 1578 757 1634 Rotam
775 1577 886 1634 domina
905 1597 911 1634 :
930 1580 1026 1648 regina
1045 1579 1083 1648 (4)
1108 1578 1217 1648 spriclct
1236 1577 1355 1632 Bartsch
1373 1575 1401 1630 S.
1422 1577 1483 1629 185.

732 1739 825 1748 -—---
835 1741 876 1746 —--
893 1741 927 1746 ...-

391 1849 462 1910 296.
505 1845 548 1910 In
563 1849 851 1912 commemoratione
865 1845 973 1912 bealae
988 1845 1120 1910 Morino
1136 1841 1277 1925 virginis.

185 1983 213 2044 l.
239 1979 368 2046 Coelnm
384 1981 472 2045 Deus
486 1979 660 2058 inclinavit,
911 1979 1005 2046 Unde
1020 1979 1098 2044 mori
1115 1998 1176 2044 uon
1192 1976 1340 2058 neglexit,

237 2063 281 2128 Et
296 2063 460 2130 descendit
471 2071 505 2130 et
519 2065 651 2130 introvit
911 2065 971 2144 Qni
988 2083 1044 2146 pro
1059 2061 1149 2128 uobis
1164 2061 1348 2136 resurrexit,

236 2149 303 2213 Vas
318 2149 453 2214 electum
471 2150 571 2230 stirpe
589 2148 701 2230 David,
911 2149 954 2213 Et
968 2165 1141 2229 resurgens
1156 2165 1213 2211 nos
1229 2147 1350 2210 revexit

237 2231 328 2307 Quod
345 2239 419 2298 ante
435 2233 640 2315 promiserat:
911 2234 958 2297 Ad
975 2233 1073 2298 vitam
1089 2251 1145 2314 per
1162 2231 1333 2310 Virginem.

237 2315 297 2380 Per
311 2315 396 2397 quod
412 2317 518 2382 Verbo
534 2317 696 2384 maritavit
855 2327 883 2386 3.
911 2315 1022 2382 Gaude
1037 2315 1145 2394 Virgo,
1164 2319 1264 2379 mater
1280 2312 1408 2391 Christi,

238 2399 383 2480 Carnem,
399 2403 447 2465 oui
464 2401 648 2480 subiugavit
910 2399 998 2476 Quone
1014 2419 1071 2482 per
1084 2418 1194 2464 aurem
1209 2397 1393 2478 concepisti,

237 2483 376 2563 Ocelum,
392 2486 431 2550 ad
448 2486 532 2564 qnod
549 2485 725 2567 reportavit
909 2485 975 2548 Nec
990 2485 1021 2549 iu
1037 2487 1133 2564 partu
1149 2481 1308 2563 pertulisti

238 2568 346 2642 Ovem,
362 2585 443 2648 quiae
459 2569 607 2650 perierat.
912 2568 1046 2634 Pudoris
1062 2567 1283 2648 dispendium:

181 2653 210 2712 2.
236 2651 318 2716 Miro
333 2652 427 2717 modo
443 2671 500 2718 nos
516 2652 637 2728 dilexit,
910 2651 992 2728 non
1008 2653 1110 2716 Deum
1125 2651 1272 2730 genuisti,

236 2733 295 2811 Qui
313 2755 369 2817 pro
385 2737 476 2802 nobis
492 2755 527 2802 se
543 2737 696 2818 despexit,
909 2737 991 2800 llum
1008 2736 1054 2801 sic
1069 2741 1179 2800 nostra
1194 2737 1229 2799 tn
1244 2733 1332 2800 iniisti

237 2819 320 2883 Dum
335 2819 394 2884 snb
409 2826 521 2885 nostra
535 2839 629 2886 carne
645 2823 725 2886 texit
910 2819 1014 2898 Salus,
1029 2819 1115 2901 plebi
1131 2818 1239 2882 confer
1254 2817 1306 2882 isti

237 2902 332 2968 Suam
348 2905 614 2985 magnitudinem:
910 2904 1012 2969 Tuum
1029 2903 1249 2987 patrocinium.
1273 2901 1382 2966 Amen.

251 3009 349 3066 Text.
387 3013 1019 3082 Nealep.259.eldist.Nidrcaieusi1519.
1047 3041 1082 3054 -
1109 3011 1208 3068 Daniel
1227 3010 1261 3079 V,
1280 3013 1341 3064 331.
1361 3009 1410 3064 leot
1429 3009 1483 3063 den

181 3080 250 3136 Text
271 3099 323 3138 aera
341 3084 437 3140 Neale.

734 3225 832 3234 a—u—--0-
842 3227 929 3235 ..ρ--.η

553 3359 622 3418 297.
667 3353 720 3419 De
741 3354 830 3420 bento
852 3355 965 3420 Morio
986 3354 1117 3434 virgine.

182 3499 210 3558 1.
235 3493 346 3558 Dulcis
361 3513 419 3560 ave
434 3497 626 3578 poenitentis
854 3503 883 3564 3.
910 3497 959 3563 Ad
975 3503 1007 3562 te
1021 3495 1145 3560 flebiles
1161 3495 1344 3574 clamamus,

236 3577 436 3644 Consolatrix
453 3585 484 3645 te
500 3583 683 3661 quaerentis
909 3581 957 3646 Ad
975 3587 1006 3645 te
1020 3579 1099 3661 lapsi
1115 3578 1312 3660 suspiramus

235 3661 418 3728 lliseratrix
434 3666 574 3730 animae:
909 3664 1000 3730 Servi
1015 3663 1062 3730 tui
1077 3663 1203 3729 miseri:

235 3745 355 3812 Parcus
372 3749 468 3828 prolis
485 3749 713 3830 praeminentis
908 3749 942 3814 Si
957 3748 1000 3814 sit
1013 3748 1158 3827 multum,
1176 3745 1261 3827 qrvod
1276 3763 1453 3829 peccamus,

237 3829 349 3894 Carnis
364 3829 487 3913 fragilis
502 3837 535 3896 et
550 3834 666 3900 mentis
907 3833 967 3897 Tui
983 3851 1092 3897 sununs
1109 3837 1141 3896 et
1156 3849 1323 3914 speramus

234 3915 351 3980 Aestus
365 3917 398 3980 in
413 3935 472 3980 nos
487 3917 635 3998 reprime.
907 3917 968 3982 Per
984 3923 1016 3980 te
1031 3915 1110 3981 salvi
1125 3913 1203 3980 ficri.

179 4001 208 4061 2.
234 3997 307 4064 Tibi
322 4017 447 4080 semper
461 4021 480 4065 o
497 3999 592 4065 beata
852 4003 881 4063 4.
909 4001 935 4065 Ο
951 3999 1090 4065 clemens
1104 4017 1162 4064 nos
1177 3997 1343 4064 consolare

232 4080 320 4147 Inest
333 4083 437 4164 pietas
456 4084 566 4148 innata
907 4085 934 4150 Ο
950 4085 1003 4166 pia
1018 4102 1076 4149 uos
1091 4083 1271 4148 confortare

234 4163 312 4230 Cum
333 4167 565 4233 misericordia:
908 4168 1056 4248 Digneris
1071 4165 1227 4250 propicia:

233 4247 282 4314 Tu
297 4268 331 4314 es
347 4251 411 4316 reis
426 4252 590 4330 advocate,
906 4251 1051 4318 Odnlcis
1065 4251 1253 4334 propiciare,
1362 4329 1365 4334 .

233 4333 295 4398 Per
310 4339 343 4399 te
358 4333 420 4401 luit
434 4341 599 4416 reportata
907 4337 956 4401 Ne
970 4341 1191 4418 postmortem
1207 4351 1266 4400 uos
1281 4353 1409 4400 amarae

232 4415 405 4500 Theophila
420 4420 522 4485 venia.
906 4419 1002 4485 Morti
1017 4419 1156 4486 reddant
1169 4419 1257 4485 vitia.
1279 4419 1389 4484 Amen.

204 4497 208 4508 ’
249 4523 345 4581 rear.
381 4527 461 4582 miss.
480 4527 558 4582 eati.
578 4527 659 4583 earn
680 4529 756 4582 1520.

727 4687 863 4696 ο--ι--ι-
