3266 5222
755 325 986 388 -188-

672 506 743 568 239.
789 501 919 569 Gaudia
941 501 1080 568 Mariae.

228 645 255 704 1.
281 636 393 703 Gaude
408 638 508 718 virgo,
524 643 628 703 mater
643 635 772 718 Christi,
898 641 928 702 3.
955 637 1067 703 Gaude
1083 635 1208 703 Christo
1224 643 1412 718 resurgente

280 721 369 798 Quae
383 739 442 804 per
456 739 565 787 aurem
581 721 753 806 concepisti
953 721 1053 788 Etad
1069 720 1392 801 coelosascendente,

281 805 564 871 Gabrielinunti0:
954 805 1045 872 Motu
1059 804 1162 872 fertur
1176 805 1319 889 proprie:

281 889 403 970 Gaude,
419 890 494 972 quia
508 891 575 954 Deo
591 890 684 970 plena
953 889 1066 955 Gaude
1081 890 1170 970 virgo
1186 908 1281 972 quam
1296 890 1453 956 commisit

280 973 436 1057 Peperisti
452 975 520 1039 sine
536 991 639 1056 poena
954 971 1062 1039 Servis
1077 974 1154 1054 suis,
1170 973 1286 1056 quibus
1300 973 1387 1040 misit

282 1058 361 1124 Cum
377 1056 508 1139 pudoris
524 1057 600 1122 lilio.
954 1057 1156 1138 ParacHtum,
1172 1075 1264 1140 quem
1280 1057 1427 1140 promisit

953 1141 1141 1207 Sanctorum
1157 1142 1298 1223 collegio.

225 1231 254 1296 2.
281 1226 402 1300 Gaude,
419 1226 493 1308 quia
507 1225 594 1306 megi
608 1225 692 1290 done
898 1223 927 1284 4.
954 1223 1076 1306 Gaude,
1092 1243 1175 1308 quae
1189 1233 1262 1309 post
1275 1226 1380 1308 ipsum
1388 1225 1525 1304 scandis,
1628 1231 1629 1258 ¹

280 1310 439 1378 Tuenato
455 1309 670 1388 leruntbona,
953 1307 997 1374 Et
1010 1315 1060 1376 est
1074 1309 1176 1376 honor
1190 1310 1250 1376 tibi
1265 1307 1397 1392 grandis

281 1395 383 1473 Quem
399 1399 488 1460 tenes
503 1396 536 1461 in
551 1394 686 1476 gremio:
953 1393 1236 1474 Incoelipelatioz

281 1480 402 1561 Gaude,
417 1479 494 1562 quia
508 1479 556 1544 tui
571 1479 648 1558 nati,
953 1477 1017 1544 Ubi
1032 1476 1155 1544 fructus
1170 1477 1288 1544 ventris
1303 1477 1351 1544 tui

282 1562 383 1640 Quem
399 1563 548 1644 gemebas
562 1567 695 1628 mortem
713 1560 790 1644 pati,
953 1560 1014 1628 Per
1028 1567 1061 1628 te
1076 1563 1171 1628 detur
1185 1561 1275 1628 nohis
1289 1561 1352 1627 frui

279 1648 395 1730 Fulget
409 1647 611 1714 resurrectio.
954 1646 990 1712 In
1005 1646 1159 1729 perhenni
1174 1646 1300 1728 gaudio.

295 1773 321 1812 a.
340 1757 432 1812 Text.
469 1756 559 1812 Illorel
578 1755 630 1810 No.
652 1757 710 1810 181.
730 1753 838 1808 8115.
858 1771 926 1810 aas:
951 1754 1003 1808 Hs.
1027 1755 1060 1809 in
1086 1755 1252 1810 Eiaas'edeln
1276 1756 1327 1811 No.
1348 1756 1409 1809 ele.
1433 1753 1462 1808 S.
1480 1757 1526 1808 41.

224 1831 267 1882 15.
285 1827 386 1884 Jatrh.
405 1829 460 1898 (A).
481 1859 515 1868 —
533 1828 616 1882 Mons
634 1827 686 1882 No.
705 1829 759 1881 454
778 1827 814 1898 (2,
835 1828 906 1898 162.)
926 1843 993 1882 aaa:
1011 1825 1205 1882 Reiclscnaucr
1214 1826 1268 1882 Ha.
1287 1823 1526 1882 N0.36.Bl.159.

224 1899 456 1970 Pergameni-Hs.
476 1900 524 1954 dea
542 1902 585 1953 15.
599 1897 700 1954 Jatrh.
719 1914 757 1952 su
774 1897 887 1966 deen,
912 1899 958 1952 die
975 1899 1059 1954 Mene
1082 1915 1137 1954 aur
1162 1915 1208 1954 um
1225 1898 1343 1968 Ausanp
1360 1897 1527 1967 ecrplichen.

223 1972 308 2026 Mene
330 1971 417 2040 fallari
442 1972 514 2026 noch
540 1972 630 2041 diripe
657 1969 761 2025 andere
787 1969 1014 2038 chdschnthn
1042 1987 1088 2038 un,
1115 1971 1147 2025 in
1174 1971 1293 2026 walchen
1312 1971 1364 2024 das
1383 1967 1457 2024 Meu
1473 1971 1528 2024 mit

222 2047 370 2114 prdaaeren
389 2044 456 2096 oder
473 2042 614 2097 tlciuereu
632 2041 856 2112 Abweichanpce
875 2041 956 2096 steht.

295 2131 320 2184 h.
340 2129 519 2184 Lesarten
538 2145 589 2184 aas
608 2129 700 2184 Mona.
738 2133 764 2196 2,
784 2130 809 2182 6.
830 2127 950 2185 dolebas.
987 2159 1021 2170 -
1058 2133 1082 2186 3.
1101 2130 1197 2186 Gaude
1216 2131 1279 2186 Ghr.
1298 2129 1465 2186 aseendente
1493 2131 1528 2185 In

225 2201 340 2269 coelum,
360 2202 407 2269 qui
426 2207 453 2254 te
472 2200 582 2255 sidente
601 2201 639 2254 M.
657 2199 676 2255 I.
695 2216 721 2269 p.
758 2199 854 2267 Gaude
879 2199 990 2256 flamma
1013 2201 1197 2258 descendente
1221 2202 1341 2272 Spiritus
1371 2203 1460 2257 sancti
1483 2219 1527 2256 re·

224 2279 308 2342 pente
327 2274 370 2327 De
389 2272 504 2328 coelesti
524 2272 602 2328 solio.
622 2301 655 2312 —
673 2273 700 2340 4,
722 2275 744 2326 1.
763 2289 790 2341 p.
810 2271 951 2328 Christum
970 2288 1008 2328 sc.

295 2375 317 2413 c.
337 2358 490 2414 Bemcrlc.
527 2357 592 2413 Das
618 2357 749 2428 original
772 2373 808 2412 eu
830 2358 921 2412 dieser
944 2359 1005 2414 und
1029 2359 1081 2414 den
1100 2361 1117 2412 5
1130 2359 1282 2430 folgenden
1300 2357 1460 2428 Sequanam
1485 2361 1525 2414 ist

225 2429 270 2484 die
289 2432 399 2486 Corona
417 2429 524 2484 Mariae
553 2445 607 2482 eon
633 2429 829 2484 Beneventum
857 2429 919 2499 (Op.
939 2429 981 2485 ed.
1001 2428 1099 2485 Venet.
1119 2431 1195 2484 XIII.
1219 2447 1245 2500 p.
1265 2432 1344 2501 642).
1381 2461 1415 2472 -
1451 2431 1526 2485 Eine

220 2503 295 2570 freis
325 2501 528 2571 Uetereetaaup
554 2501 601 2554 dee
628 2501 723 2554 latein.
753 2499 901 2555 Gedichtce
927 2503 959 2555 in
985 2501 1170 2557 Nakateni
1197 2501 1365 2557 Psalmetum
1396 2504 1523 2560 coeleste.

226 2574 320 2630 Gelon.
341 2577 418 2628 1760.
438 2571 465 2628 S.
484 2575 539 2627 260
551 2572 577 2640 f.
595 2571 656 2641 piht
675 2571 819 2628 Schlosser
837 2572 859 2644 1,
882 2571 911 2628 S.
930 2575 991 2627 303.

524 2851 595 2913 240.
641 2845 774 2916 Gaudia
797 2849 960 2917 terrestria
982 2847 1009 2914 b.
1033 2869 1061 2915 c.
1084 2847 1224 2916 Mariae.

228 2983 254 3044 l.
281 2977 394 3043 Gaude
409 2977 508 3062 virgo,
523 2985 626 3047 mater
641 2981 768 3064 Ghristi,
954 2983 1065 3050 Gaude
1080 2982 1208 3049 Ghristo
1223 2981 1425 3062 ascendente,

281 3063 369 3140 Quae
383 3081 442 3144 per
456 3083 565 3130 aurem
580 3068 751 3149 concepisti
952 3067 1014 3145 Qui
1028 3066 1070 3134 ad
1084 3067 1377 3133 coelestevidcnte

280 3147 432 3212 Gabriele
447 3150 573 3214 nuntie:
950 3151 1314 3234 Motuierturproprio.

280 3231 402 3310 Gaude,
417 3233 507 3312 prole
522 3251 604 3314 quae
619 3233 754 3302 fecunda

280 3316 460 3382 Ascendisti
474 3318 507 3382 in
523 3325 673 3385 montana

279 3401 391 3466 Gordia
406 3419 477 3467 cum
493 3402 641 3484 tripudio.
895 3409 924 3470 4.
950 3404 1072 3484 Gaude,
1110 3403 1164 3470 uia
1179 3403 1352 3502 paraclitus

223 3487 253 3546 2.
279 3483 400 3582 Gaude,
416 3487 492 3582 quia
504 3487 573 3551 Dec
588 3487 682 3568 plena
951 3489 1071 3554 Missus
1086 3421 1147 3554 fluit
1161 3487 1312 3555 divinitus

278 3567 435 3650 Peperrstr
450 3571 517 3635 sine
533 3588 636 3652 poena
950 3573 987 3637 In
1003 3577 1059 3638 tue
1073 3573 1221 3653 collegio:

279 3651 358 3716 Gum
373 3652 504 3733 pudoris
518 3653 601 3718 lilio:
951 3655 1083 3735 Gaude,
1126 3673 1208 3738 quae
1250 3661 1325 3737 post
1360 3653 1523 3721 Christum

278 3735 400 3815 Gaude,
416 3737 492 3816 quia
505 3739 634 3819 regibus
996 3739 1132 3818 scandis,

279 3821 359 3886 Gum
374 3821 440 3888 suis
454 3822 640 3889 muneribus
950 3825 993 3890 Et
1008 3829 1058 3890 est
1072 3825 1173 3890 honor
1187 3823 1246 3891 tihi
1260 3824 1392 3906 grandis

277 3905 582 3972 Visaescumdlio.
951 3910 988 3974 In
1004 3909 1233 3990 coelipalatio:

223 3991 252 4050 3.
279 3988 403 4069 Gaude,
421 3990 496 4070 quia
509 3991 556 4056 tui
572 3991 650 4070 nati,
951 3993 1001 4059 Ihi
1015 3991 1140 4058 fructus
1153 3992 1273 4058 ventris
1288 3993 1336 4059 tui

278 4072 379 4149 Quem
395 4073 525 4140 dolebas
540 4081 675 4140 mertem
689 4075 756 4157 pati
951 4075 1013 4141 Per
1027 4085 1060 4143 te
1074 4077 1167 4143 nobis
1181 4075 1276 4141 detur
1290 4075 1354 4142 irui

277 4157 394 4238 Fulget
407 4161 614 4224 resurrectio:
951 4159 989 4226 In
1004 4159 1134 4244 perenni
1152 4161 1280 4240 gaudie.

223 4337 258 4392 15
284 4263 389 4394 felchi.
425 4265 509 4320 Mene
536 4265 660 4322 Natho
686 4267 813 4338 (2172.)
842 4283 908 4323 aas:
945 4267 997 4324 Ha.
1022 4285 1060 4324 au
1079 4267 1227 4338 munchen,
1256 4269 1323 4324 Glm.
1342 4271 1422 4326 4462.
1441 4266 1460 4324 i.
1479 4270 1522 4322 66.

260 4377 265 4392 .
305 4354 386 4394 ur.
