3218 5234
645 277 879 342 -103-

505 459 575 525 116.
618 455 661 522 Ire
681 459 863 524 2902211022
883 455 1026 526 11021121.

437 573 552 644 (ductor
569 573 745 634 Hermaeum
763 579 929 634 contractus
946 577 1085 645 habetur.)

114 703 144 762 1.
167 697 248 764 Rex
262 693 468 779 omnipotens
482 695 535 762 die
548 695 712 778 hodierna,

112 785 143 846 2.
167 779 303 847 Mundo
317 779 416 846 trium
438 778 504 848 hali
518 779 684 864 redempto
741 783 852 864 tentia,

113 870 145 932 ³.
167 863 292 932 Victor
306 881 403 930 escen
428 864 581 946 1222122,
596 865 682 932 unde
719 865 916 935 escenderat.

112 954 145 1016 4.
169 949 264 1016 11221
278 947 496 1030 quadraginta
551 953 679 1032 stqusm
693 955 878 1018 surrexerat

114 1039 146 1098 5.
169 1032 306 1100 Diebus
320 1032 430 1113 sacris,
447 1049 485 1098 eo
619 1051 635 1100 s
649 1039 781 1115 pectora

115 1123 146 1186 0.
170 1115 420 1202 Apostolorum,
435 1115 523 1198 pacis
536 1133 611 1182 cara
625 1117 809 1201 relinquens
823 1117 932 1184 osculo

114 1207 148 1266 7.
172 1200 310 1282 Quibus
323 1205 358 1266 ct
372 1199 461 1266 dedit
473 1203 668 1284 potestatem
682 1203 811 1268 laxandi
830 1203 972 1283 crimina,

116 1291 148 1352 8.
170 1283 220 1353 Et
237 1284 330 1352 misit
343 1299 399 1350 eos
412 1283 447 1350 iu
460 1283 612 1350 muudum
627 1285 792 1370 baptizare
806 1291 937 1354 cunctus
951 1285 1083 1368 animas,

116 1373 150 1436 9.
171 1370 217 1436 In
231 1367 342 1434 Patris
356 1373 390 1434 et
403 1365 478 1434 Filii
492 1372 527 1434 et
538 1365 676 1454 Spiritus
690 1369 793 1436 sancti
807 1369 986 1451 clementia,

99 1459 150 1520 10.
171 1453 224 1522 Et
241 1468 434 1518 convescens
447 1452 610 1538 praecepit
623 1453 681 1535 eis,
695 1453 737 1522 ab
750 1453 973 1538 Hierosolyma

99 1544 151 1604 11.
172 1537 231 1605 112
246 1533 383 1618 meent,
397 1535 455 1603 ssd
470 1543 677 1620 expectarent
690 1537 847 1622 promissa
860 1557 1009 1606 munera:

99 1625 150 1688 12.
172 1621 270 1718 Non·
289 1624 375 1770 putgrtr
390 1619 510 1688 multos
537 1621 623 1688 enim
651 1621 718 1690 dies
746 1622 872 1690 mittum
905 1621 996 1690 vobis
1025 1621 1180 1706 Spiritum
1208 1621 1413 1708 Paraclytum

258 1721 296 1770 m
376 1721 405 1771 a

101 1796 149 1858 19.
172 1791 226 1858 st
241 1788 333 1855 eritis
345 1787 424 1854 mihi
437 1791 539 1855 testes
552 1788 585 1854 iu
600 1789 812 1871 Hierusalem,
826 1789 958 1870 ludera,
973 1791 1042 1858 sive
1055 1787 1211 1857 Samaria

101 1882 149 1942 14.
171 1875 225 1940 Et
240 1889 314 1939 curn
327 1871 388 1938 hoc
402 1871 544 1953 dixisset,
559 1873 743 1941 videntibus
757 1875 823 1942 illis
837 1873 981 1942 elevatus
995 1879 1055 1956 est,
1070 1879 1104 1941 et
1118 1875 1221 1942 nubes
1234 1873 1323 1940 clara

101 1967 151 2028 15.
173 1955 333 2040 Suscepit
346 1974 419 2023 eum
433 1957 474 2023 ab
490 1973 599 2022 eorum
615 1958 724 2039 oculis,
738 1959 938 2026 intuentibus
951 1959 1017 2026 illis
1035 1963 1120 2026 sinu.

100 2049 151 2110 18.
172 2041 266 2108 Eece
280 2039 401 2108 stetere
414 2039 522 2107 amicti
536 2039 599 2108 duo
613 2042 674 2108 viri
687 2043 722 2108 iu
735 2048 824 2110 veste
838 2042 914 2110 slbe

99 2133 152 2193 17.
173 2125 279 2193 quta
292 2123 452 2192 diceutes:
475 2123 559 2205 Quid
573 2125 775 2192 admiramini
790 2126 950 2194 coelorum
965 2127 1057 2194 21121

99 2218 152 2282 10,
173 2211 275 2276 Iesus
290 2209 373 2274 enim
387 2208 448 2290 hie,
462 2209 517 2292 qui
532 2217 715 2294 assumptus
729 2217 780 2278 est
793 2229 814 2278 a
828 2211 917 2279 vobis
930 2211 972 2278 ed
987 2209 1094 2278 Patris
1109 2207 1284 2290 dexteram,

100 2301 153 2361 19.
173 2292 230 2360 111
242 2293 396 2373 escendit,
411 2293 459 2360 its
472 2293 587 2376 veniet
603 2311 760 2378 quaereus
774 2295 889 2362 teleuti
904 2297 1061 2363 commissi
1075 2295 1175 2361 lucra

99 2385 153 2446 20.
175 2378 207 2445 0
231 2376 459 2526 Deugdmaris
483 2377 564 2462 poli,
586 2379 675 2462 arvi,
701 2378 878 2462 hominem,
903 2397 999 2464 quem
1024 2379 1157 2460 creasti,
1178 2395 1274 2462 quem
1298 2375 1411 2444 fraude

258 2479 298 2528 su
342 2479 396 2528 22

102 2552 152 2613 21.
174 2545 295 2612 Hostis
309 2543 433 2627 expulit
446 2543 607 2628 paradiso,
622 2550 656 2612 et
669 2546 893 2646 captivitatum
908 2565 1016 2616 secum
1031 2547 1131 2615 traxit
1144 2545 1186 2614 ad
1200 2551 1334 2627 1221212,

101 2635 153 2697 22.
175 2628 344 2711 Sanguine
358 2627 487 2712 proprio
500 2644 595 2711 quem
610 2627 776 2713 redimisti,
791 2631 890 2714 Deus,

102 2719 153 2782 23.
175 2713 264 2780 Illuc
278 2718 312 2779 et
326 2711 485 2796 provehis,
500 2713 584 2780 unde
600 2713 688 2798 prius
702 2717 842 2796 corruit,¹

101 2803 155 2865 24.
175 2797 329 2865 Paradisi
343 2795 386 2862 ad
400 2795 527 2878 gaudie.

102 2889 155 2952 25.
176 2880 283 2948 Iudex
296 2897 367 2946 eum
382 2881 509 2947 veneris
522 2880 665 2949 iudicare
679 2882 816 2962 saecula,

103 2971 154 3033 28.
177 2969 233 3034 Da
245 2963 349 3046 nobis
364 2982 568 3048 quaesumus,
584 2965 779 3050 sempiterna
792 2965 919 3050 gaudie,

102 3057 155 3117 21.
177 3051 220 3118 Iu
234 3053 418 3116 sauctorum
432 3048 548 3132 patrio,

103 3139 154 3202 28.
176 3135 219 3202 12
234 3150 300 3217 qua
312 3132 372 3200 tibi
386 3137 551 3200 cantemus
566 3150 675 3200 omnes
689 3133 837 3200 Alleluia.

175 3261 205 3301 2.
223 3242 316 3299 Text.
352 3241 442 3299 lisele
459 3259 487 3312 p.
506 3244 549 3299 28.
569 3255 584 3295 2
602 3241 681 3298 ilisa.
700 3241 786 3298 Laod.
807 3245 875 3300 1518
894 3242 955 3368 ΗΑ),
979 3242 1082 3297 Pictor.
1105 3243 1173 3298 1524
1193 3241 1250 3311 (Β),
1269 3241 1408 3298 Sarisbur.

105 3319 177 3374 1556
198 3315 249 3386 (0).
274 3343 309 3356 -
332 3313 412 3370 Miss.
435 3313 514 3369 fratr.
540 3313 629 3368 Paris.
650 3315 794 3384 122010).
820 3343 854 3356 ·-
879 3313 1012 3370 dicutur.
1038 3314 1087 3380 1v‚
1113 3315 1163 3370 178
1183 3313 1237 3383 (Ε).
1257 3341 1290 3354 -
1309 3313 1410 3368 Daniel

108 3389 147 3458 11,
169 3388 221 3442 181
241 3386 293 3443 1121
311 3386 357 3441 dic
375 3391 447 3442 erate
466 3383 671 3455 ledemalli,
690 3386 726 3440 66
744 3385 797 3440 cleu
815 3385 886 3440 Text
904 3399 957 3441 uus
976 3383 1041 3440 Cod.
1060 3385 1087 3440 S.
1107 3384 1179 3440 Gall.
1198 3386 1251 3438 010
1269 3383 1322 3456 (F).

175 3475 205 3532 b.
223 3473 412 3532 Lesartcrr.
448 3477 474 3530 0.
498 3472 694 3530 commendans
717 3489 772 3531 osc.
801 3475 835 3528 A.
864 3502 897 3514 -
924 3473 951 3526 8.
977 3487 1085 3528 omnem
1108 3471 1239 3528 mundum
1258 3473 1283 3527 b.
1303 3472 1412 3528 animas

105 3547 245 3604 Fileale.
272 3575 307 3587 -
331 3549 373 3602 10.
400 3543 592 3616 Hierosolyma
609 3545 641 3600 F.
669 3544 761 3614 „Dedi
778 3543 986 3614 Hierosolyma,
1011 3551 1110 3602 contra
1135 3545 1257 3599 omnium
1275 3543 1410 3598 librorum

104 3618 198 3689 idem,
215 3623 249 3673 ut
265 3618 294 3673 iu
311 3617 338 3674 A
356 3616 495 3673 desineret
512 3615 636 3672 221222.ιι
654 3615 751 3672 lisele.
771 3645 805 3656 -
826 3619 868 3670 10.
897 3615 973 3671 Susc.
992 3613 1070 3670 illum
1088 3631 1122 3670 ex
1138 3627 1195 3670 eor.
1216 3613 1354 3670 1112212.
1377 3643 1411 3654 -

104 3690 144 3746 ill.
163 3689 282 3746 aethera
300 3689 323 3744 F
341 3687 438 3745 112212.
458 3717 491 3728 -
521 3687 562 3741 18.
583 3692 722 3743 steterunt
738 3685 762 3742 F
780 3685 876 3744 Nssle.
906 3715 940 3728 -
960 3691 1035 3742 vesto
1053 3687 1131 3742 clara
1149 3687 1182 3742 Α.
1209 3715 1243 3726 -
1270 3689 1312 3739 17.
1332 3685 1410 3756 polo-

106 3778 167 3817 rum
192 3759 251 3816 alta
273 3759 304 3814 B.
331 3787 367 3801 -
396 3761 438 3814 19.
461 3757 606 3814 commisse
631 3758 655 3812 F
673 3757 770 3814 112212.
796 3788 830 3800 ·-
854 3757 952 3812 201).
972 3757 1051 3827 coeli,
1075 3759 1170 3829 maris,
1190 3759 1250 3812 arri
1269 3757 1293 3812 F
1311 3756 1410 3812 112212.

106 3827 1411 3970 22211222111221222111112212122.2112212

106 4005 140 4016 -
158 3977 204 4029 21.
222 3974 285 4030 Por.
303 3973 393 4042 gloria
410 3971 468 4027 1111.
487 3971 550 4027 Par.
569 3971 599 4026 in
616 3971 719 4041 gaudio
737 3973 771 4028 Α.
790 3973 854 4028 Par.
880 3969 983 4041 gaudia
1001 3970 1097 4028 lisele.
1117 4000 1151 4012 -
1170 3973 1213 4026 22.
1232 3971 1356 4028 seculum
1376 3971 1409 4025 D.

107 4043 469 4174 muffedffiluiapessffig
485 4043 573 4101 112212
591 4057 686 4112 quaes.
705 4043 901 4116 sempiternam
925 4043 1050 4112 requiem
1068 4043 1102 4099 A.
1132 4071 1166 4085 -
1194 4045 1237 4100 28.
1257 4043 1308 4099 tibi
1335 4043 1411 4100 caui·

501 4355 570 4424 lli.
613 4353 656 4423 In
676 4355 858 4426 2222221222
879 4351 1024 4423 Domini.

110 4495 137 4558 l.
158 4487 255 4558 Salve
269 4488 354 4558 leste
368 4489 449 4572 dies,
464 4493 533 4557 1212
548 4491 739 4560 venerabilis
754 4507 843 4572 sero,

159 4573 380 4746 Sassgegloeeus
394 4575 437 4644 ed
451 4575 558 4644 coelos
573 4575 699 4646 scandit
713 4581 747 4647 et
760 4581 851 4645 ostra
864 4579 963 4644 tenet.
