3266 5222
730 291 960 357 -242-

202 473 231 536 2.
258 466 365 539 Prima
380 485 495 551 parens
511 471 651 553 perdidit
876 485 906 546 3.
931 479 1267 546 Natusanteseeeula

257 551 327 616 Ista
341 551 440 618 vitam
453 553 595 622 reddidit
931 561 1007 628 Sine
1021 565 1118 630 maris
1133 564 1247 646 copula

258 635 358 715 Virgo
373 653 474 702 sacra.
931 645 1027 712 Este
1042 647 1161 730 prodiit
1176 647 1303 714 femina.

257 718 320 783 Per
335 718 435 784 Evam
451 737 532 802 quae
547 723 643 804 periit
930 731 1017 810 Ergo
1031 731 1249 798 modulamina

258 802 319 866 Per
333 803 470 902 hieriam
487 805 582 872 rediit
931 813 1015 878 Audi
1029 814 1166 880 clemens
1180 815 1318 882 Domina

257 886 462 954 Mund1vrta.
932 897 1050 964 Nostra
1063 898 1175 964 laxans
1190 900 1332 978 crimina,

932 979 978 1046 Ut
992 985 1065 1064 post
1079 984 1193 1049 mortis
1208 982 1319 1050 debita

931 1065 1052 1144 iugiter
1066 1067 1098 1130 in
1114 1067 1218 1148 gloria

930 1147 1104 1216 iubilemus
1118 1150 1258 1216 alleluia.

274 1245 370 1304 Text.
405 1247 485 1304 Mite.
504 1249 583 1306 fratr.
603 1253 692 1308 Paris.
712 1258 788 1310 1520.

562 1498 633 1558 334.
676 1493 842 1562 Debebis
864 1497 980 1566 Maria
1001 1497 1130 1580 virgine.

205 1625 233 1683 1.
256 1621 282 1686 0
297 1620 394 1688 decus
409 1625 529 1704 mnndi,
545 1627 655 1708 Maria,
670 1631 806 1711 genitrix
821 1630 891 1708 Dei,

203 1709 232 1766 2.
256 1703 320 1770 Nos
349 1725 423 1773 reos
449 1710 554 1858 32¹·oe
583 1713 755 1779 clamantes
783 1713 834 1780 iat
871 1715 1008 1782 clemens
1036 1717 1156 1782 cunctis
1185 1737 1242 1781 nos
1270 1737 1289 1782 a
1320 1717 1507 1784 criminibus

352 1809 447 1857 emun
491 1814 528 1872 rr,

203 1879 232 1938 3.
255 1871 299 1938 Ut
315 1891 386 1939 cum
401 1881 457 1942 tuo
473 1877 557 1946 dulei
573 1885 647 1946 nate
662 1899 786 1964 semper
799 1901 968 1963 regnemus
982 1885 1014 1948 in
1029 1885 1169 1950 excelsis.

273 1997 298 2034 a.
316 1981 412 2039 Text.
449 1987 600 2057 Schubiger
618 1989 670 2044 No.
689 1993 732 2044 bl.
752 2006 766 2044 e
786 1990 850 2046 (lod.
871 1991 988 2046 Einsidl.
1008 1991 1054 2045 Fr.
1076 1996 1098 2045 l.
1118 1993 1189 2061 (366.
1209 2007 1281 2047 saec.
1301 1993 1383 2060 llll).

272 2069 297 2124 b.
317 2069 478 2126 Bemerk.
516 2075 592 2142 „Die
609 2075 683 2130 Zabi
701 2078 750 2130 der
760 2075 927 2146 Sequanam,
947 2079 978 2130 in
997 2079 1083 2132 clerica
1094 2078 1292 2134 dicMelodien
1304 2080 1382 2136 nida
1390 2081 1508 2134 wieder-

202 2137 262 2192 tole
280 2141 398 2207 werden,
417 2144 456 2197 ist
474 2145 539 2198 aebr
555 2148 662 2217 garing,
681 2149 813 2203 andelle
831 2148 922 2202 haben
941 2150 1021 2203 einen
1037 2151 1170 2220 peringen
1190 2149 1319 2221 Umfang
1348 2168 1379 2206 so
1405 2149 1460 2205 Nr.
1481 2155 1508 2206 6.

202 2213 364 2264 109.121.“
399 2212 518 2270 Bartsch
536 2215 565 2270 S.
583 2221 627 2272 22.

749 2357 947 2367 --—-—-—·—

537 2473 608 2537 335.
651 2470 693 2534 In
706 2473 792 2554 festo
815 2473 954 2537 manium
975 2479 1166 2540 sanctorum.

619 2585 735 2656 (Auctor
753 2592 796 2643 est
814 2588 923 2644 Notlrer
940 2587 1093 2658 Balbulus.)

225 2701 252 2764 1.
276 2695 394 2763 Omnes
409 2699 512 2765 saneti
528 2695 703 2780 Seraphim,
719 2697 899 2780 Cherubim,

223 2785 252 2847 2.
274 2779 394 2847 Throni
408 2799 535 2864 quoque
550 2781 864 2864 Dominationesque,

222 2869 253 2930 3.
275 2864 487 2946 Principatus,
502 2865 694 2946 Potestates,
711 2866 866 2945 Virtutes,

222 2951 252 3014 4.
275 2947 477 3030 Archangeli,
491 2949 615 3030 Angeli,
630 2968 686 3016 vos
701 2951 793 3016 decet
807 2951 877 3016 laus
890 2953 925 3016 et
938 2949 1082 3016 honores.

223 3036 253 3096 5.
276 3031 414 3096 Ordines
428 3033 543 3098 noveni
558 3034 727 3116 spirituum
742 3035 919 3111 beatorum,

222 3118 252 3180 6.
276 3113 363 3190 Quos
378 3115 411 3180 in
426 3115 486 3182 Dei
500 3117 650 3184 laudibus
664 3117 803 3184 firmavit
818 3119 945 3184 caritas.

222 3205 240 3262 7
245 3250 251 3264 .
274 3198 341 3264 Nos
356 3197 487 3282 fragiles
501 3201 644 3266 homines
660 3201 784 3266 lirmme
798 3202 957 3282 precibus.

221 3288 250 3348 8.
274 3282 320 3348 Ut
334 3284 493 3365 spiritales
506 3285 683 3367 pravitates
698 3291 806 3351 vestro
821 3285 980 3350 iuvamine
995 3284 1155 3350 vincentes
1170 3283 1306 3362 fortiter,

220 3372 249 3432 9.
272 3367 363 3432 Nune
377 3375 410 3432 et
425 3369 456 3433 in
472 3385 583 3433 aevum
599 3369 714 3434 vestris
731 3369 830 3434 simus
845 3369 933 3449 digni
949 3368 1123 3434 sollemniis
1138 3367 1294 3432 interesse
1310 3367 1418 3432 sacris.

202 3456 248 3516 10.
271 3453 337 3518 Vos
352 3469 431 3532 ques
447 3451 505 3516 Dei
522 3453 627 3532 gratia
641 3453 768 3518 vincere
784 3460 891 3518 terrea

202 3539 250 3599 11.
274 3535 317 3600 Et
332 3536 453 3616 angelis
469 3536 571 3601 socios
587 3533 662 3600 lecit
677 3553 747 3602 esse
762 3536 846 3618 polo.

202 3625 250 3684 12.
273 3621 339 3686 Vos
353 3618 563 3716 patriarchae,
578 3618 761 3702 prophetae,
777 3619 922 3702 apostoli,
938 3617 1144 3698 confessores,
1164 3625 1331 3701 martyres,
1346 3615 1502 3695 monaehi,

349 3721 397 3766 mr
431 3720 486 3767 nes

202 3790 250 3850 13.
273 3785 316 3850 Et
341 3720 507 3934 νὲᾱὲἒτιιω
534 3791 716 3850 sanctarum
742 3785 945 3867 omniumque
972 3785 1163 3868 placentium
1194 3785 1330 3869 populus
1355 3801 1502 3866 supremo

373 3885 488 3935 omme.

202 3957 249 4016 14.
274 3951 339 4017 Nos
355 3952 548 4019 adiutorium
563 3971 647 4018 nune
662 3957 695 4019 et
708 3955 892 4035 perenniter
906 3951 1021 4030 foveat,
1036 3959 1194 4036 protegat,
1210 3957 1246 4018 ut
1259 3957 1411 4018 vestrum.

202 4042 249 4099 15.
271 4035 310 4100 In
326 4036 378 4102 die
393 4039 553 4120 poscimus
569 4037 757 4120 gaudiorum
772 4042 961 4103 vestrorum.

270 4159 296 4200 a.
315 4143 409 4199 Text.
447 4145 600 4216 Sehubiger
626 4147 679 4202 No.
699 4149 742 4200 32.
770 4144 870 4201 acad.
888 4144 1006 4200 Einsidl.
1026 4149 1060 4201 36
1088 4145 1142 4213 (Α).
1179 4143 1280 4198 Daniel
1306 4143 1342 4212 ll,
1369 4145 1412 4200 26.
1440 4143 1501 4196 384.

201 4215 250 4282 lll,
270 4218 331 4269 28⁷.
352 4230 367 4268 e
386 4214 555 4271 GaddMon.
576 4221 600 4272 5.
620 4233 690 4273 saec.
711 4216 757 4271 Xl.
773 4216 826 4286 (B),
846 4217 871 4269 6.
882 4229 954 4270 saec.
964 4215 1012 4270 XI.
1025 4218 1074 4286 (0).
1084 4215 1169 4272 Godd.
1179 4215 1260 4270 Vind.
1270 4217 1296 4268 2.
1306 4229 1378 4269 saec.
1388 4213 1436 4267 xl.
1446 4213 1502 4280 (Ι),

201 4291 226 4340 5.
247 4301 319 4342 saec.
339 4285 400 4340 llll.
419 4285 473 4356 (Ε).
511 4287 602 4343 Berol.
623 4293 645 4342 1.
665 4303 736 4344 saec.
754 4287 803 4342 Χ).
823 4287 875 4356 (1).
906 4317 939 4326 -
968 4287 1033 4342 God.
1053 4285 1244 4341 Wiraenbnrn.
1264 4298 1335 4340 saec.
1354 4285 1428 4340 XIV.
1447 4283 1501 4352 (0.

200 4357 280 4411 Text.
300 4373 358 4424 seq.
378 4355 434 4425 (Η).
472 4359 533 4426 Seq.
552 4359 620 4412 Dav.
643 4361 710 4413 1405
730 4358 772 4426 (Ι).
792 4388 825 4398 -
844 4357 923 4414 Miss.
943 4359 1038 4414 Gelon.
1060 4361 1127 4412 1504
1146 4357 1201 4426 (Κ),
1219 4357 1345 4426 Mogunt
1359 4358 1428 4410 1507
1448 4353 1502 4424 (L),

198 4429 368 4484 sareanen.
390 4431 456 4484 ren
479 4429 538 4496 (11),
556 4429 678 4482 minues.
700 4433 767 4484 isra
787 4429 842 4500 (ur.
872 4459 904 4469 -
932 4429 1051 4498 Adelph.
1071 4430 1105 4484 ee
1125 4429 1177 4499 (ο).
1215 4427 1347 4484 clichtov.
1372 4426 1419 4493 ru,
1440 4429 1501 4478 aaa.

210 4500 251 4570 Ρ).
289 4499 417 4554 Torrent.
437 4499 490 4570 (Q).
527 4529 561 4538 -
597 4501 798 4570 Wackernagel
818 4501 839 4568 l,
859 4503 901 4556 99.
922 4517 987 4556 aas:
1015 4500 1092 4556 Miss.
1112 4500 1234 4555 Lubeck.
1254 4499 1321 4553 bald
1337 4497 1411 4551 nach
1432 4497 1502 4550 1480

211 4571 254 4639 Β),
272 4569 346 4642 Meg.
368 4572 437 4625 1497
457 4571 505 4639 (S),
523 4569 674 4640 Numburg.
696 4575 772 4627 1501.
794 4575 861 4626 1517
881 4571 933 4640 (Τ).
970 4571 1103 4627 Glichtcv.
1116 4575 1184 4627 1515
1204 4569 1258 4642 (ΙΙ).
1280 4601 1310 4612 -
1331 4567 1410 4623 scete
1430 4567 1502 4623 anab

199 4643 238 4696 im
257 4643 322 4698 cod.
342 4643 369 4700 S.
389 4641 460 4698 Gall.
479 4645 531 4698 540
551 4641 705 4714 (31111001).
