3218 5234
663 225 891 292 -1ts-

129 411 158 474 3.
184 411 285 494 Virga
299 409 410 476 florem
424 413 625 493 conceptura
870 407 1132 476 Pariendivertit
1148 408 1229 488 iura,

184 497 285 562 Stella
301 496 400 561 solem
415 495 560 578 paritura
870 494 965 572 Fusa,
981 493 1118 559 mirante
1133 499 1250 558 natura

183 582 288 647 Hodie
303 581 495 662 concipitur:
870 577 1007 643 Deitatis
1022 577 1139 660 pluvia.

184 666 258 730 Flos
274 665 313 729 de
328 666 419 745 virga
433 680 650 746 processurus,

184 749 239 814 Sol
253 749 293 814 de
309 748 404 813 stella
417 747 600 812 nasciturus
823 750 852 810 8.
872 745 979 810 Triste
994 745 1056 810 init
1070 745 1103 809 in
1118 745 1187 808 Eva
1202 763 1269 824 vae,

186 833 333 898 Christus
347 831 548 911 intelligitur.
872 829 934 896 Sed
949 848 987 894 ex
1002 829 1070 894 Eva
1084 827 1202 894 format
1217 847 1275 895 ave

129 919 157 978 4.
185 919 211 985 0
228 936 324 1000 quam
339 917 414 981 felix
429 923 462 981 et
477 914 651 997 praeclara,
872 917 973 980 Versa
988 913 1066 992 vice,
1083 915 1139 979 sed
1155 933 1217 978 non
1233 930 1339 996 prave,

183 1002 285 1068 Nobis
300 1005 402 1082 grata,
417 1001 485 1064 Deo
500 999 598 1064 chara
871 999 963 1064 Intus
978 997 1084 1064 ferens
1099 998 1132 1062 in
1148 998 1296 1062 conclave

184 1087 261 1152 Fuit
274 1086 353 1150 haec
368 1083 549 1166 conceptio:
871 1081 1010 1148 Verbum
1026 1082 1142 1147 bonum
1158 1087 1191 1147 61
1205 1099 1310 1160 suave,

184 1168 540 1247 Terminaturmiseria,
869 1167 971 1232 Nobis
986 1174 1089 1231 mater
1103 1167 1193 1248 virgo
1208 1165 1289 1245 iane,

183 1255 288 1320 Datur
302 1251 528 1330 misericordia,
872 1251 941 1316 Tua
956 1249 1019 1316 frui
1034 1252 1149 1332 gratia.

184 1339 306 1403 Luctus
322 1337 407 1402 cedit
420 1335 548 1418 gaudio.

129 1419 158 1477 5·
184 1424 275 1489 Nova
290 1429 393 1487 mater
407 1439 521 1486 novam
539 1420 672 1500 prolem,
823 1423 852 1482 9.
872 1417 981 1484 Omnis
996 1419 1090 1484 homo
1107 1417 1176 1484 sine
1190 1435 1281 1482 mora

184 1507 274 1572 Nova
290 1506 385 1571 stella
400 1523 515 1570 novum
531 1503 630 1570 eciem
671 1545 675 1554 ·
872 1500 982 1567 Laude
995 1503 1110 1584 plenus
1126 1503 1253 1568 solvens
1274 1517 1330 1566 ora

185 1591 275 1656 Nova
290 1589 414 1672 profert
428 1589 547 1670 gratia:
872 1587 971 1653 Istam
988 1587 1084 1666 colae,
1100 1587 1202 1670 ipsam
1217 1603 1274 1650 ora

184 1674 369 1740 Genitorem
384 1673 540 1755 genitura,
874 1671 967 1736 Omni
983 1672 1044 1752 die,
1060 1671 1144 1737 omni
1160 1671 1248 1746 hora,

184 1759 366 1824 Creatorem
381 1763 530 1823 creatura
873 1755 1401 1838 6111161611111161161161616,

184 1844 313 1908 Patrem
328 1841 503 1924 paritfilia.
873 1841 926 1906 Sic
940 1840 1093 1923 supplica,
1109 1841 1154 1905 sic
1168 1839 1303 1921 implora

129 1920 157 1980 6·
184 1928 210 1992 Ο
226 1927 403 1992 mirandam
420 1927 606 2005 novitatem,
872 1923 976 1990 Huius
991 1925 1178 2006 patrocinia.

183 2013 306 2077 Novam
322 2029 447 2092 quoque
465 2011 655 2084 dignitatem

183 2095 275 2160 Ditat
289 2095 401 2160 matris
416 2095 596 2160 castitatem
804 2099 853 2159 10.
873 2091 922 2156 Tu
936 2109 1011 2174 spes
1026 2095 1115 2156 certa
1129 2090 1325 2166 miserorum,

183 2179 257 2243 Filii
273 2179 454 2260 conceptio:
872 2175 957 2240 Vere
972 2180 1075 2240 mater
1090 2173 1313 2256 orphanorum,

184 2261 297 2327 Gaude
312 2262 401 2343 virgo
419 2261 569 2342 gratiosa,
871 2259 919 2324 Tu
934 2260 1079 2325 levamen
1094 2275 1329 2339 oppressorum,

183 2348 284 2428 Virgo
299 2345 376 2411 iiore
391 2346 543 2427 speciosa,
871 2341 1287 2422 Medicameninfirmorum,

182 2433 288 2497 Mater
303 2431 391 2512 prole
409 2447 564 2510 generosa
871 2427 1025 2494 Omnibus
1041 2445 1075 2492 es
1090 2427 1205 2493 omnia.

183 2514 267 2582 Vere
282 2516 379 2598 plena
393 2513 520 2596 gaudio.
872 2513 917 2579 Te
932 2529 1083 2594 rogamus
1098 2517 1173 2576 voto
1188 2509 1259 2591 pari

129 2605 158 2663 7.
184 2599 278 2676 Quod
292 2599 468 2682 praecessit
482 2597 515 2662 in
529 2595 642 2678 figura,
871 2597 981 2662 Laude
995 2596 1094 2678 digna
1107 2593 1270 2676 singulari,

183 2683 277 2751 Nuba
291 2685 372 2749 latet
387 2681 445 2748 sub
461 2682 606 2747 obscura.
872 2679 919 2746 Ut
933 2686 1078 2746 errantes
1093 2680 1126 2744 in
1141 2679 1200 2744 hoc
1214 2679 1296 2744 nrari

182 2765 252 2832 Hoc
267 2768 410 2834 declarat
425 2766 573 2848 genitura
872 2764 939 2830 Nos
954 2765 987 2830 in
1002 2771 1097 2847 portu
1113 2763 1247 2829 salutari

183 2851 260 2917 Piae
274 2851 397 2928 matris,
413 2852 503 2932 virgo
518 2868 599 2933 pura
874 2848 944 2914 Tua
958 2849 1053 2916 sistat
1067 2848 1184 2929 gratia.
1214 2849 1324 2912 Amen.

199 2948 337 3004 612111.
374 2948 534 3005 1116161116.
556 2953 615 3004 126.
634 2949 663 3004 S.
684 2952 726 3003 76.
746 2962 812 3002 aas:
839 2947 950 3017 Hymni,
973 2947 1114 3016 collectae,
1138 2945 1316 3015 antiphonae.
1341 2944 1431 2999 Paris.

127 3024 198 3074 1566
217 3019 271 3091 (A).
291 3051 325 3060 -
345 3021 476 3076 Clichtov.
495 3020 544 3090 IV,
565 3024 624 3076 190.
645 3017 829 3092 (at-sont
847 3019 919 3074 aucit
937 3019 976 3073 im
995 3017 1059 3074 (lod.
1079 3018 1106 3072 S.
1122 3017 1195 3072 Gall.
1204 3019 1256 3072 546
1276 3015 1431 3086 (Brander).

194 3107 427 3165 1116661166.
466 3113 490 3179 1,
501 3112 525 3163 6.
543 3107 632 3164 Recta
650 3108 683 3162 A.
703 3137 737 3148 —
755 3111 780 3176 2,
800 3110 825 3162 4.
845 3106 1032 3176 providerunt.
1060 3134 1094 3146 ·-
1123 3107 1193 3174 6,1.
1222 3105 1255 3160 V.
1274 3103 1381 3174 prolem
1399 3103 1430 3158 B.

124 3180 570 3250 ι--4,4.16111111611111.-6,
591 3177 1211 3248 l.OadmirB.-6,8.Plenaplanog.
1236 3177 1270 3231 A.
1298 3205 1332 3216 -
1360 3178 1385 3245 7,
1404 3179 1430 3230 4.

124 3251 208 3308 semel
227 3259 308 3307 matr.
328 3253 362 3308 A.
381 3282 415 3294 -
434 3255 460 3319 8,
481 3256 504 3306 1.
523 3267 556 3307 16
575 3251 606 3306 B.
626 3281 660 3292 —
679 3255 704 3320 6,
723 3255 748 3305 2.
768 3250 890 3306 formans
909 3250 943 3306 A.
971 3279 1006 3289 -
1034 3247 1181 3317 6,4.111.
1205 3248 1300 3304 colans
1324 3248 1358 3303 A.
1396 3275 1430 3287 -

123 3326 150 3394 9,
168 3326 193 3378 2.
214 3324 307 3380 solvas
326 3325 359 3379 Α.
380 3353 413 3366 -
433 3327 458 3394 9,
477 3327 502 3379 6.
523 3326 588 3394 Sup.
608 3324 649 3380 sic
666 3322 701 3378 A.
721 3351 754 3363 -
775 3325 817 3392 10,
838 3324 861 3376 a.
880 3323 1009 3377 iuvamen
1028 3320 1062 3376 A.

679 3475 877 3484 Μ..

368 3605 438 3668 166.
480 3601 533 3668 De
553 3603 749 3685 conceptione
770 3603 878 3669 beatae
899 3600 1033 3669 Martae
1053 3601 1197 3685 61191616.

124 3729 151 3788 1.
180 3720 260 3786 Dies
275 3719 363 3785 laeta
376 3718 566 3798 celebretur,
803 3728 831 3790 3.
858 3717 959 3801 Virga
973 3717 1081 3784 florem
1098 3723 1299 3801 conceptura,

180 3803 220 3869 In
236 3823 300 3885 qua
313 3805 368 3886 pia
381 3807 566 3870 recensetur
858 3803 960 3870 Stella
976 3803 1074 3869 solem
1089 3803 1235 3886 paritura

181 3889 304 3954 Mariae
319 3888 501 3968 conceptio:
857 3887 1173 3969 Hodieconcipitur:

182 3971 280 4037 Cuius
294 3971 406 4037 laudes
421 3989 651 4054 prosequamur
856 3972 931 4038 Flos
947 3971 986 4038 de
1000 3973 1091 4055 virga
1104 3987 1321 4054 processurus,

179 4056 248 4122 Nos
263 4057 317 4137 qui
333 4061 424 4121 tanto
440 4056 640 4136 gratulamur
858 4057 913 4123 Sol
929 4057 969 4122 dc
984 4056 1080 4122 stella
1098 4057 1281 4122 nasciturus

180 4139 241 4204 Dei
257 4138 421 4206 beneficio.
857 4140 1004 4207 Christus
1018 4139 1217 4220 intelligitur.

123 4227 152 4287 2.
180 4223 270 4290 Felix
283 4223 412 4305 quidem
428 4229 478 4289 est
493 4227 672 4306 conceptus,
801 4231 831 4292 4.
857 4223 952 4290 Flore
967 4224 1059 4305 virga
1072 4221 1248 4302 fructifera,

179 4309 241 4374 Per
255 4325 349 4388 quem
365 4307 502 4372 mundus
518 4313 569 4374 ost
583 4307 718 4392 adeptus
857 4307 930 4374 Sole
944 4309 1039 4374 stella
1053 4305 1195 4384 lucifera,

181 4391 302 4457 Salutis
317 4391 476 4456 remedia:
857 4391 939 4460 Solis
953 4393 1064 4458 lucens
1078 4391 1214 4456 lumina:

180 4475 272 4540 Hanc
286 4473 463 4557 prophatae
478 4477 715 4558 praeviderunt,
858 4475 971 4541 Samen
986 4477 1073 4557 regis
1089 4475 1268 4548 decoratur,

182 4557 386 4624 Patriarchae
401 4566 650 4641 praesenserunt
855 4561 949 4625 Ritus
963 4559 1044 4640 legis
1059 4558 1229 4624 innovatur

181 4643 493 4729 inspirantegratia.
855 4643 926 4710 Hoc
940 4641 1023 4711 felici
1038 4643 1189 4728 germine.
