3240 5224
733 277 965 344 ..300-

220 465 250 526 4.
273 459 498 542 Apostolorum
515 461 618 524 mater
632 457 687 540 pie
700 459 815 526 devota
829 458 966 525 honorat
980 455 1123 534 ecclesia,

221 549 250 610 5.
273 545 321 609 Er
336 543 385 608 his
400 541 552 608 Iacobum
568 547 601 608 et
615 541 795 626 Philippum
811 541 926 608 festive
942 541 1141 607 celebramus
1157 537 1261 602 hodie.

221 633 250 694 6.
274 628 317 694 01
338 627 494 710 lampadis
515 625 566 690 hic
586 625 768 710 Philippus,
793 631 963 710 postquam
983 625 1116 708 populos
1130 620 1272 689 docendo
1299 620 1380 688 lucis
1410 640 1526 689 verae

349 710 524 776 illustravit
542 709 698 792 lampade,

221 801 250 861 7.
274 793 343 861 Iam
365 794 508 860 debitum
529 793 687 860 sideribus
708 795 847 861 reddens
866 793 1022 876 spiritum,
1048 791 1081 858 in
1106 807 1186 874 pace
1211 789 1323 856 urbem
1347 789 1526 856 membris

350 877 447 961 elegit
460 878 640 962 Ierapolim.

221 969 250 1031 8.
273 963 317 1030 dt
331 981 406 1030 vero
421 963 557 1029 Iacobus
571 963 759 1044 cognomine
773 961 892 1028 domini
907 959 1007 1027 frater
1022 959 1203 1026 nominatus
1218 964 1269 1024 est
1283 957 1436 1024 messiae.

221 1051 250 1113 9.
273 1047 335 1113 Hic
349 1051 459 1113 tantus
470 1046 579 1112 Iudeis
594 1047 818 1128 praedicando,
834 1044 965 1128 perfidis
981 1046 1021 1110 ab
1037 1043 1083 1110 eis
1099 1047 1232 1110 necatus
1249 1041 1411 1108 occubuit.

201 1137 250 1198 10.
274 1132 393 1214 Regem
408 1147 534 1214 quoque
548 1135 783 1214 martyremque
798 1132 920 1212 pariter
934 1147 1005 1194 oum
1019 1127 1112 1195 sociis
1127 1128 1187 1192 hac
1201 1127 1254 1192 die
1269 1125 1423 1192 laudibus
1441 1127 1521 1192 lae·

348 1221 454 1281 tantos
470 1213 708 1294 Sigismnndum
723 1215 876 1292 canimus,

202 1305 250 1365 ll.
273 1299 370 1366 Cuius
389 1299 524 1447 tquidem
537 1298 689 1448 dgilorioso
715 1298 830 1364 menta
859 1298 1020 1364 miraculis
1049 1296 1195 1382 plurimis
1223 1294 1393 1362 adornavit
1425 1294 1519 1360 haec

349 1401 388 1448 vo
417 1401 456 1449 va
495 1401 535 1448 au
570 1402 600 1448 a.
1133 1399 1136 1404 ¹

201 1473 250 1534 12.
273 1467 372 1551 Kyrie
395 1401 542 1613 sulegon,
569 1465 695 1532 Christe
717 1467 871 1546 salvator,
897 1466 1011 1532 horum
1033 1471 1165 1546 precatu
1189 1464 1300 1546 culpas
1320 1462 1517 1543 ignoscens,

347 1551 430 1617 assis
467 1551 602 1630 cnignns
618 1569 744 1633 semper
757 1549 895 1630 famulis,
918 1547 1065 1616 refovens
1088 1554 1122 1614 et
1141 1547 1181 1614 ab
1203 1547 1296 1612 hoste
1315 1551 1516 1628 protegens,

201 1643 249 1706 13.
272 1635 414 1717 Cumque
435 1633 485 1699 his
509 1635 664 1716 omnihus,
685 1653 764 1716 quos
784 1635 965 1700 exultantes
986 1639 1174 1698 concentum
1190 1649 1315 1697 summa
1330 1629 1515 1696 devotione

347 1717 459 1868 11111111
482 1735 598 1785 sonora
619 1737 695 1785 voce
717 1718 869 1800 canimus,
891 1721 1056 1784 consortes
1080 1721 1282 1783 aeternorum
1302 1713 1403 1780 lacios
1424 1732 1514 1794 gau-

371 1820 484 1869 rorum.

269 1925 294 1966 a.
312 1908 407 1967 Text.
444 1910 534 1966 Morel
560 1911 694 1968 111268.
722 1909 831 1966 11166.
860 1925 926 1966 aru:
953 1909 1006 1966 Ha.
1035 1927 1072 1966 au
1095 1907 1261 1964 Etosiedcln
1287 1906 1514 1964 Numana

197 1980 567 2040 manducaremus.
586 1983 637 2036 mit
655 1983 705 2038 der
724 1981 856 2038 Melandia.

270 2070 297 2126 b.
316 2069 473 2126 Bemerh.
510 2069 592 2140 „Der
611 2069 768 2126 Chorotter
787 2073 879 2126 dieser
888 2069 1013 2140 Sequana
1032 2069 1075 2124 uto
1093 2071 1171 2124 111111
1189 2069 1245 2140 aas
1258 2065 1515 2139 mehreroHoa‘iipa

197 2143 519 2283 ἔρανριῑὲίὴσέίὺιειὲῃξῖῗζιὲἔ
534 2142 643 2268 §citarat
662 2143 817 2214 allcrda'npo
830 2143 885 2212 sar
903 2143 964 2196 cine
983 2141 1260 2212 ocrhriltm'osmdssip
1283 2144 1365 2210 spate
1383 2138 1446 2194 Zeti
1470 2157 1515 2196 zu

755 2347 760 2352 .
769 2347 953 2355 ..-....,-.-....-

564 2425 636 2486 420.
680 2421 733 2487 Dc
753 2429 862 2490 sancto
884 2421 1139 2490 Bartholomaco.

222 2562 249 2626 1.
271 2555 364 2622 Diem
388 2553 509 2652 11111111Ι
529 2553 785 2637 Β1111111111111,
812 2554 932 2624 Christi
957 2556 1068 2636 amici,
1095 2553 1213 2620 iratres
1238 2555 1372 2621 excolite
1397 2553 1511 2636 dignis

220 2730 249 2791 2.
272 2655 596 2820 gquspggggcssffllzgep
610 2741 673 2805 quo
688 2724 873 2821 mereamini
887 2725 1019 2821 sedibus
1035 2720 1167 2807 perfrui.

220 2814 250 2875 3.
272 2809 338 2874 Hin
351 2807 462 2873 Indice
476 2807 602 2890 popuhs
616 2807 783 2890 praedicat
799 2807 1007 2890 evangellum,

221 2897 250 2957 4.
274 2891 335 2968 Qui
351 2889 452 2956 dediti
466 2891 553 2956 vitiis
568 2893 727 2958 vacabant
740 2893 920 2974 idolatriae,

222 2980 251 3040 5.
275 2974 539 3124 Qu⁰2aicne⁸rtonigff
553 2981 682 3125 ffiuctus
696 2978 861 3060 apostolus
874 2976 970 3042 iussit
983 2975 1131 3058 frangere
1152 2974 1238 3041 idola
1259 2977 1357 3057 atque
1371 2972 1504 3040 Christo

221 3148 249 3210 6.
271 3141 315 3208 nt
336 3141 514 3226 daemones,
534 3080 613 3226 gnos
635 3144 821 3226 adoravere,
843 3141 920 3210 lecit
941 3143 1068 3226 longius
1090 3143 1190 3224 abire,
1211 3143 1266 3209 uhi
1289 3147 1397 3208 essent
1413 3142 1504 3208 invia

221 3317 249 3378 7.
271 3232 415 3378 1111111911Γ
416 3245 563 3392 llgprosos
578 3313 675 3378 saluti
691 3313 847 3396 pristinae
862 3315 896 3377 et
909 3309 1015 3378 reddit
1029 3329 1153 3393 aegros.

219 3401 249 3463 8.
272 3395 411 3464 Vestivit
425 3413 534 3461 caecos
548 3397 709 3478 praesenti
723 3397 842 3463 lumine
857 3395 996 3478 lecitque
1011 3414 1115 3464 sanos.

219 3487 249 3546 9.
273 3481 385 3547 Oratio
401 3481 470 3545 eius
485 3480 678 3562 paralyticos
692 3482 789 3563 erigit
803 3487 899 3562 atque
913 3487 1005 3546 curat
1019 3496 1260 3561 energumenos.

200 3569 249 3631 10.
271 3563 353 3630 Nam
368 3562 470 3628 Indici
484 3569 593 3630 natam
607 3565 693 3646 ragis
707 3565 763 3631 diu
778 3565 952 3631 lunaticam
966 3564 1035 3629 sola
1048 3582 1143 3645 prece
1157 3564 1279 3628 salvam
1294 3559 1425 3628 lecerat.

200 3654 249 3715 11.
273 3647 439 3715 Convertit
452 3665 560 3728 regem
575 3648 790 3731 populumque
806 3650 875 3714 eius
891 3649 990 3713 sacris
1005 3645 1148 3714 lontibus
1165 3647 1357 3730 expiaverat

200 3738 249 3798 12.
271 3731 467 3798 Promittens
481 3731 554 3811 illis,
569 3731 654 3822 quod
670 3751 732 3798 non
746 3732 828 3798 vidit
840 3732 935 3797 homo
951 3749 1009 3798 nec
1024 3731 1168 3798 ascendit
1181 3733 1214 3795 in
1229 3747 1284 3796 cor
1298 3729 1447 3796 hominis.

201 3821 249 3883 13.
271 3816 334 3883 Per
358 3814 461 3912 multa
486 3816 532 3880 sic
555 3815 743 3898 praedicans
771 3821 917 3899 tempora
943 3817 1137 3883 uestimenta
1165 3815 1252 3880 illius
1282 3832 1345 3880 non
1372 3813 1502 3880 fuerant

201 3989 250 4052 14.
272 3898 601 4064 Νοο1813ἷ11ᾱ1ᾞ11111111
615 3986 767 4065 tempore,
784 3983 931 4050 similiter
947 3983 1061 4049 diurno
1076 3982 1109 4048 in
1124 3981 1184 4048 Dei
1199 3981 1392 4049 laudamine.

202 4073 249 4134 15.
272 4067 352 4135 Post
370 4069 450 4133 talia
468 4066 622 4132 miracula
644 4068 765 4134 occisus
785 4069 935 4151 migrauit
950 4067 992 4134 ad
1007 4067 1178 4150 Christum
1203 4066 1337 4149 perenni
1352 4067 1385 4131 in
1401 4081 1500 4146 regno

202 4239 250 4301 16.
273 4233 337 4301 Sed
349 4151 632 4302 {gffrlcetrnffirsclfflig'
642 4235 693 4301 die
709 4253 781 4302 cum
796 4235 873 4318 Deo,
896 4235 1058 4300 homiuum
1080 4240 1205 4301 secreta
1219 4251 1276 4318 per
1290 4235 1396 4316 ignem
1419 4233 1501 4299 iudi·

201 4409 250 4470 11.
273 4323 542 4552 Quaefosafflate'
564 4401 826 4486 Bartholomaee,
853 4409 1038 4486 exorantes,
1059 4419 1121 4485 qno
1145 4402 1295 4486 detergas
1318 4406 1430 4470 nostra
1450 4400 1500 4466 hic

201 4575 250 4640 18.
273 4504 454 4723 (1111111ξ1ί111ἐί11Ο
448 4504 577 4637 diamur
587 4571 737 4656 praemio,
753 4572 839 4656 quod
855 4571 1039 4640 credentum
1050 4571 1235 4656 repromisit
1246 4569 1394 4638 Christum
1408 4568 1499 4654 gregi

349 4675 409 4746 pus
446 4675 475 4726 o.
