3234 5246
742 225 972 288 -430—

218 413 246 472 3.
275 405 383 472 Hicin
399 407 510 472 Aedua
524 425 580 474 rer
595 417 665 475 erat
890 413 919 474 5.
945 406 1006 484 Qui
1021 407 1137 489 capitis
1153 405 1285 472 vulnera

271 493 390 571 pastor,
405 491 487 556 ovile
503 510 595 556 suum
945 509 1003 573 per
1016 509 1108 556 sacra
1121 495 1172 556 est
1186 489 1250 572 poli

271 575 456 640 ministrans
472 574 585 639 sedulo
944 575 1082 640 culmina
1098 575 1244 656 adeptus

271 658 533 722 documentorum
548 658 676 739 pabulo.
945 659 982 724 In
998 675 1060 739 quo
1076 657 1167 722 miles
1182 653 1327 720 candidis

272 741 350 805 Post
365 741 438 804 irinc
453 745 565 820 sponte
584 742 821 824 comprenditur
945 759 1016 806 cum
1031 741 1136 806 choris
1151 745 1327 821 martyrum

271 825 375 890 saevis
391 824 431 889 ab
446 823 581 888 inimicis
945 823 1072 890 domino
1087 827 1139 890 est
1152 822 1299 890 sociatus.

271 913 304 971 et
319 908 443 972 vinctus
458 907 602 988 privatur

273 991 374 1056 oculis
390 991 492 1056 sancti
508 991 630 1074 capitis.
889 997 918 1057 6.
945 991 1040 1074 Apud
1054 1009 1148 1074 quern
1163 996 1274 1056 nostra
1288 989 1433 1056 mundes

216 1076 246 1132 4.
273 1074 394 1139 Deinde
409 1075 507 1140 labris
943 1075 1076 1140 crimina
1089 1079 1185 1157 atque
1202 1079 1315 1139 cuncta

273 1158 337 1222 oris
353 1158 512 1236 abscissis,
944 1165 1052 1240 tergas
1070 1158 1224 1224 inmunda

273 1242 382 1323 lingua
399 1242 593 1324 depraedato
944 1244 1030 1308 vitae
1044 1248 1174 1308 nostrae
1190 1241 1307 1306 delicta

273 1327 460 1406 iampalato
943 1327 1347 1409 Aesupplieesprotegens

272 1411 358 1474 currit
374 1410 501 1476 Christo
518 1411 649 1489 gratias,
942 1409 1081 1476 famulos
1095 1409 1155 1476 tibi
1170 1415 1239 1474 toto

274 1493 535 1576 Capitisquoque
942 1495 1038 1562 corde
1054 1494 1213 1560 subiectos

273 1578 408 1642 libenter
423 1577 536 1641 suffert
941 1578 1317 1660 atquementederotos.

272 1679 398 1726 saevam
414 1661 617 1740 sententiam,

271 1750 359 1810 recto
374 1749 480 1810 stante
574 1773 576 1778 ·
887 1752 916 1811 7.
944 1744 1084 1827 Signifer
1098 1745 1224 1824 invicte,

270 1847 334 1894 una
349 1829 427 1894 hora
443 1846 585 1910 corpore.
942 1848 1010 1911 nos,
1025 1829 1195 1911 Leudgari,
1211 1835 1313 1894 tuere.

284 1953 310 1992 a.
328 1936 421 1992 Text.
457 1937 541 1993 Mons
560 1939 612 1994 No.
633 1941 702 1994 1028
720 1939 756 2008 (3,
774 1938 838 2008 392)
857 1955 924 1994 uua:
943 1939 996 1994 Hs.
1015 1955 1052 1994 zu
1071 1939 1192 2006 Ooisnar,
1211 1942 1254 1992 11.
1274 1937 1376 1993 Jatru.

285 2025 311 2080 b.
330 2025 514 2081 Lesarten.
554 2030 575 2080 l.
595 2029 655 2084 dies
673 2028 872 2094 sacratissima,
901 2043 986 2099 papea
1013 2029 1066 2084 das
1089 2027 1242 2082 Veromees.
1268 2056 1303 2066 -
1331 2029 1359 2092 2,
1378 2027 1405 2080 4.
1425 2025 1523 2081 astuti

214 2097 306 2152 Mona.
326 2096 473 2165 (Drusis.)
493 2128 526 2138 -
546 2101 573 2167 3,
593 2103 617 2154 a.
643 2099 741 2154 sedula
758 2099 811 2154 Ha.
841 2129 876 2140 -
906 2103 930 2166 3,
950 2103 975 2153 4.
994 2099 1098 2169 papula
1116 2097 1170 2154 Hs.
1190 2127 1224 2139 -
1247 2101 1273 2166 3,
1292 2099 1317 2152 ὅ.
1336 2097 1524 2166 comprehen-

215 2169 291 2224 ditur
309 2167 362 2220 Hs.
391 2197 425 2208 -
453 2171 514 2236 5‚3
542 2171 631 2238 „scirit
650 2172 695 2224 cin
713 2171 903 2240 ammayibr'pcs
926 2169 1033 2224 Wort.“
1069 2171 1162 2226 Mons.

285 2270 308 2308 c.
326 2251 480 2308 Bemerk.
520 2255 607 2309 Ueter
625 2257 677 2312 das
696 2255 896 2325 Ruytnmtoetc
915 2261 964 2312 rte.
983 2257 1095 2326 apricat
1113 2255 1231 2312 Bartsch
1247 2254 1276 2308 S.
1294 2256 1338 2308 30.
1356 2257 1401 2306 81.
1418 2255 1466 2309 96.
1477 2257 1524 2307 99.

647 2529 717 2592 631.
759 2524 812 2591 De
832 2545 858 2591 s.
881 2525 1082 2609 Loodoporio.

219 2664 244 2722 l.
272 2657 423 2724 Sanctam
439 2660 616 2740 praesentis
630 2661 692 2726 diei
888 2669 919 2730 4.
946 2659 1149 2738 Patriarchis‚
1166 2658 1294 2724 vatibus

271 2743 382 2808 sallem
407 2743 540 2808 nitatem
945 2749 1158 2826 compererat
1176 2740 1399 2824 praedicando,

271 2827 309 2890 In
324 2763 474 2892 laniibus
488 2828 611 2892 aeterni
623 2829 776 2895 creatoris
944 2845 1027 2910 quae
1041 2833 1115 2910 post
1129 2825 1208 2891 haec
1223 2825 1340 2908 probat
1349 2825 1499 2889 eventus.

270 2909 408 2974 fideliter
424 2909 578 2976 ducamus
944 2910 1227 2994 Apostolissocius

271 2993 427 3074 Illiusque
441 2994 581 3062 athletae
597 2993 763 3062 tortissimi
943 2995 1153 3076 permanebat
1167 2989 1382 3075 praedicando

275 3077 453 3160 praeconiis
470 3079 601 3160 pariter.
944 3077 1071 3146 iortiter
1087 3079 1248 3144 dominum
1264 3075 1404 3141 Ihesum.

218 3163 247 3224 2.
274 3161 469 3243 Redemptor
483 3166 600 3230 mundo
616 3165 749 3230 subacto

271 3245 652 3346 111111110111111111111111
888 3279 917 3338 5.
944 3271 1027 3350 Quid
1044 3269 1084 3336 de
1098 3269 1185 3336 socia
1199 3269 1303 3334 dicam
1320 3267 1452 3346 virtute,

272 3330 678 3414 regrediturtmumphans
942 3374 1007 3437 qua
1020 3359 1071 3421 est
1085 3353 1278 3436 martyribus

274 3414 378 3512 1111111
391 3413 511 3480 ducens
525 3416 659 3481 millium
943 3441 995 3506 Sic
1005 3440 1200 3518 coniunctus,
1210 3443 1247 3503 ut
1254 3436 1422 3519 splendeat
1430 3435 1522 3500 inter

273 3503 471 3579 captivarum
487 3506 686 3566 catervarum
942 3523 1015 3590 ppos
1030 3523 1120 3589 velut
1133 3522 1233 3588 1052?

272 3581 415 3646 restituit
430 3584 561 3664 patriae.

216 3667 245 3727 3.
273 3663 334 3741 Qui
350 3663 512 3730 Christum
527 3669 616 3748 sequi
1045 3725 1052 3740 ,
1125 3724 1132 3737 ,
1311 3721 1317 3734 Ι

270 3749 303 3812 in
319 3749 467 3814 omnibus
482 3755 657 3833 promptus,
888 3733 917 3792 6·
941 3727 1222 3822 13191118111111111111
1237 3722 1337 3787 0111111

271 3831 397 3897 divinae
412 3833 493 3913 legis
507 3840 655 3900 strenuus
943 3807 1366 3875 11111111111111111111111111111

270 3915 506 3998 obtemperator
521 3916 662 4000 effectus,
944 3891 1192 3988 0111111111),θᾶὓὸ
1208 3889 1363 3986 1111111111

271 3999 487 4082 eiusimplere
944 3979 1093 4059 coeperat
1106 3980 1192 4039 intus
1207 3973 1324 4038 videre.

272 4089 442 4166 praecepta
457 4083 590 4152 studuit.
1168 4108 1180 4150 r

270 4165 332 4230 Hic
348 4168 507 4234 castitatis
889 4179 915 4237 7.
943 4172 1022 4238 Post
1036 4170 1114 4236 haec
1128 4169 1267 4236 assuetis
1282 4167 1407 4235 diuinas
1468 4195 1475 4206 ·

272 4253 565 4319 sanctaevidelicet
942 4255 1053 4321 laudes
1067 4256 1200 4320 reboare

272 4335 423 4416 providus
438 4342 544 4402 custos
560 4356 747 4420 permanens
944 4339 1068 4405 labellis

271 4418 424 4498 angelicis
440 4420 606 4501 spiritibus
943 4424 1006 4522 Qre
1021 4422 1183 4501 abscissis,
1200 4421 1372 4503 linguaque

270 4502 550 4668 instituatur
942 4506 1251 4675 i¹t¹it¹r¹0f¹⁹¹³¹“⁰‘¹³‘⁰
