3234 5246
735 271 963 334 -368-

399 463 468 521 534.
513 455 564 520 lle
586 455 704 522 sanetis
726 455 815 521 lusto
837 462 866 520 el
890 457 1043 523 Clemente
1066 455 1306 540 confessoribus.

225 595 252 654 1.
276 589 415 656 Gloriam
432 593 553 656 aeterni
569 590 674 656 Patris
690 591 721 655 in
737 591 855 656 sanctis
871 591 937 656 suis
953 609 1141 656 veneramur
1155 609 1264 656 omnes
1279 589 1401 656 sonoris
1418 590 1507 655 voci·

350 676 412 740 bns
428 675 664 741 concordantes,

224 761 252 821 2.
276 757 336 832 Qui
352 778 489 840 regnans
503 760 535 823 in
551 759 646 824 coelis
661 765 843 825 sanctornm
859 759 1007 842 splendor
1022 765 1072 825 est
1087 758 1251 824 mirabilis.

223 847 253 905 3.
277 842 373 906 Cuius
388 845 493 924 gratia
508 843 579 908 faex
594 843 756 908 haeretica
770 843 879 924 procul
895 843 1027 909 recessit
1042 863 1062 908 a
1076 843 1200 909 Tuscia.

224 931 251 988 4.
276 923 362 990 Urbs
378 927 520 992 dnconia
536 927 661 992 Christo
678 928 808 993 credula
822 927 858 992 lit
873 947 929 1010 per
944 931 1125 993 sanctorum
1141 926 1302 1006 suffragia.

225 1015 253 1072 5.
277 1011 452 1076 Varrdalica
467 1030 545 1092 gons
561 1011 679 1078 Christi
695 1013 844 1094 populum
860 1031 1098 1094 praeoccupans
1113 1012 1212 1076 cinxit
1226 1028 1283 1092 per
1298 1007 1466 1088 circulum,
1581 1027 1582 1054 ³

225 1097 253 1156 d.
275 1093 303 1155 ll
308 1101 320 1158 t
335 1096 495 1159 subditum
513 1098 626 1176 vulgus
642 1095 832 1160 catholicum
848 1096 1020 1177 perimeret
1033 1095 1125 1161 famis
1139 1114 1198 1177 per
1213 1095 1387 1159 interitum.
1581 1081 1582 1110 ¹

225 1184 253 1240 7.
277 1177 339 1242 Sed
361 1181 401 1243 ad
416 1179 584 1326 ‘Christum
610 1179 756 1246 Clemens
777 1185 809 1245 et
829 1180 938 1246 Iustus
953 1179 1091 1264 profusis
1107 1181 1266 1264 precibus,
1290 1175 1382 1242 flexis
1398 1183 1508 1243 terrae
1581 1239 1582 1242 ,

352 1281 423 1344 genn
448 1283 493 1340 ns,

225 1353 253 1410 8.
277 1347 416 1412 Poscant
431 1349 490 1412 sibi
505 1349 596 1429 poids
612 1355 644 1414 ot
659 1349 717 1413 tihi
733 1368 791 1430 por
806 1349 864 1413 bei
880 1350 1016 1430 gratiam
1031 1348 1171 1414 exhiberi
1188 1348 1320 1429 copiam.

225 1441 253 1498 9.
278 1431 455 1579 llill'ngffilnnt
480 1433 587 1497 hostes
612 1439 654 1512 to,
682 1431 816 1514 Christe,
843 1433 1017 1499 sentientes
1041 1435 1161 1499 sanctis
1187 1434 1340 1499 assistere
1362 1430 1397 1494 in
1421 1429 1509 1493 omni

353 1537 369 1579 a
408 1517 531 1580 latione.
1581 1523 1582 1528 ’

207 1605 253 1662 lb.
279 1599 438 1664 ,triconine
453 1601 536 1665 cives
550 1601 582 1666 in
597 1599 658 1666 fido
673 1600 883 1681 persistentes
898 1601 1000 1668 Deum
1016 1601 1204 1684 glorificant,
1227 1601 1281 1682 qui
1305 1599 1413 1666 salvat
1426 1599 1460 1662 in
1477 1615 1510 1662 se
1581 1653 1582 1698 p

353 1692 528 1766 sperantes.
1581 1699 1582 1702 ’

208 1773 254 1830 11.
279 1767 356 1832 Post
370 1769 429 1832 hoc
444 1769 546 1834 locum
562 1787 624 1833 non
640 1769 733 1848 longe
754 1776 846 1835 extra
867 1771 956 1836 urbis
971 1770 1096 1836 moorda
1116 1769 1327 1834 emundantes
1341 1773 1509 1849 serpentes
1581 1815 1582 1858 p

355 1851 514 1933 langantct
529 1853 705 1917 daemonia.

208 1939 254 1998 12.
279 1935 326 2000 lbi
351 1937 475 2002 ieiuniis
501 1939 658 2003 instantes
684 1938 834 2018 operibus
858 1938 950 2002 bonis
970 1936 1174 2002 inhaerentes
1196 1936 1263 2000 Deo
1286 1934 1424 2016 placitas
1448 1951 1508 2000 nno

355 2027 514 2085 momento
528 2021 667 2086 reddunt
682 2022 814 2086 animas.

209 2107 255 2166 13.
279 2103 400 2167 llorum
426 2103 586 2184 suffragiis
611 2105 763 2184 iuvamur,
791 2107 885 2171 utin
911 2106 1005 2170 coelis
1030 2106 1149 2187 iugiter
1172 2105 1327 2171 laetemur
1349 2101 1510 2169 coniuncti

358 2189 503 2266 Domino,
520 2190 608 2253 linito
624 2189 732 2254 mundi
748 2191 842 2255 huius
861 2191 1006 2254 termino.

113 2319 118 2328 .
208 2277 256 2334 rt.
280 2270 371 2347 Qnrod
387 2273 453 2352 ipsc
469 2275 559 2337 nohis
576 2275 737 2347 concedat,
753 2273 808 2356 qui
823 2274 902 2338 vivit
917 2279 950 2339 et
964 2277 1087 2354 regnat.

276 2379 369 2434 Text.
405 2381 483 2436 idias.
503 2382 627 2450 Mogunt.
649 2385 725 2436 1507.

494 2805 563 2864 535.
606 2799 658 2864 De
679 2820 703 2863 s,
729 2797 881 2864 Clentenie
895 2819 1007 2881 popone
1028 2803 1056 2863 el
1077 2805 1227 2882 etznrlprc.

287 2916 367 2984 (Ceb.
387 2933 423 2970 eac
442 2915 523 2986 Rene,
542 2917 634 2986 Popot
652 2919 705 2973 seit
723 2921 768 2985 92,
790 2923 858 2988 pest.
878 2934 939 2972 ame
957 2916 984 2971 J.
1004 2920 1065 2984 101,
1089 2915 1197 2970 nerebrt
1216 2931 1262 2970 om
1279 2919 1323 2968 23.
1342 2913 1430 2984 Non.)

232 3044 257 3101 1.
282 3037 399 3102 Christi
415 3041 565 3121 martyris
581 3039 719 3104 colamus
733 3039 817 3104 fosta
832 3037 1015 3114 Clementis,

229 3127 257 3185 2.
281 3121 342 3198 Qui
357 3123 440 3188 hunc
456 3123 540 3187 diem
556 3124 704 3205 passione
719 3123 848 3206 propria
861 3121 937 3187 feeit
952 3121 1138 3187 sollemnem

229 3211 257 3270 3.
281 3208 386 3286 hique
401 3207 492 3272 nohis
508 3207 722 3272 venerandum
738 3208 852 3274 tribuit
867 3225 936 3272 esse
952 3205 1129 3270 colendum.

189 3353 191 3357 ,
229 3295 257 3356 4.
281 3290 342 3355 Hic
356 3292 493 3372 primum
508 3291 726 3374 philosophiae
748 3291 871 3357 artibus
894 3291 1009 3355 claruit
1023 3289 1056 3354 in
1072 3289 1131 3354 hoc
1146 3287 1264 3352 mundo
1279 3291 1375 3370 atque
1390 3283 1506 3353 sucendi

358 3376 473 3441 studiis
489 3381 558 3442 erat
573 3377 725 3441 intentus.

229 3465 256 3528 5.
281 3461 323 3527 Et
337 3466 411 3557 post
426 3461 508 3558 hacc
520 3460 687 3556 apostolici
701 3459 862 3540 dogmatis
877 3457 1060 3539 degustavit
1074 3455 1204 3535 fluenta,
1227 3463 1389 3522 meruerat
1410 3456 1504 3522 eccle·

359 3563 425 3609 siae
441 3562 588 3625 coniungi
605 3561 724 3608 sacrae.

230 3633 258 3692 6.
282 3629 340 3692 Coti
356 3629 486 3694 donavit
501 3627 615 3692 Petrus
630 3628 795 3708 apostolus
809 3625 891 3692 hano
906 3628 1109 3706 potestatem,

230 3717 257 3775 7.
282 3710 328 3777 Ut
342 3711 432 3776 illum
447 3729 584 3794 sequens
599 3718 691 3792 regat
705 3711 878 3788 ecclesiam,
895 3709 1059 3775 dimittens
1075 3707 1210 3790 culpam.

229 3799 259 3860 8.
283 3794 343 3872 Qui
359 3801 435 3860 tunc
450 3799 581 3876 accepta
596 3799 757 3876 potestate
773 3795 849 3861 data
864 3800 938 3876 post
953 3793 1022 3859 eius
1038 3793 1137 3858 vitem
1153 3794 1216 3857 iarn
1231 3791 1293 3858 sibi
1309 3792 1502 3857 commissam

358 3886 484 3945 rexerat
499 3881 674 3960 ecclesiam,

231 3969 259 4027 9.
283 3963 436 4029 Districte
451 3965 564 4045 ligans,
580 3981 661 4046 quos
677 3964 825 4044 cognovit
838 3979 921 4043 reos,
936 3962 1040 4043 magis
1054 3965 1212 4042 assuetus,
1232 3959 1286 4040 qui
1302 3959 1392 4040 ligati
1408 3959 1501 4031 erent,

360 4048 533 4114 clementor
547 4047 725 4114 absolvero.

213 4137 259 4195 10.
284 4131 415 4194 Interim
431 4132 505 4197 dum
522 4131 638 4197 Christi
656 4131 756 4198 crevit
769 4129 881 4211 religio
898 4132 957 4195 sub
972 4130 1053 4210 ipso,

211 4221 259 4280 11.
282 4213 310 4278 Ε
326 4221 406 4280 nutu
421 4215 481 4280 Dei
496 4217 628 4297 pertulit
642 4215 829 4298 martyrium
844 4234 901 4297 pro
918 4212 1055 4294 Christo,

213 4304 259 4364 12.
284 4297 383 4373 Quem
399 4317 511 4367 manus
526 4300 624 4381 impia
638 4301 749 4365 mersit
763 4299 796 4363 in
812 4317 911 4372 mare,

213 4387 260 4446 13.
285 4382 465 4448 Obviabant
478 4383 507 4447 ei
523 4383 626 4464 angeli
641 4385 700 4448 Dei
716 4389 867 4464 parantes
881 4383 1087 4458 mansionem,

214 4473 260 4533 14.
284 4463 331 4530 Ut
343 4465 406 4530 iter
422 4467 465 4531 sit
480 4467 622 4531 credenti
638 4467 755 4549 populo
769 4467 926 4532 veniendi.

213 4555 260 4615 15.
285 4550 346 4626 Qui
361 4550 424 4616 illis
438 4551 624 4622 subvenisti,
639 4567 722 4616 nunc
736 4551 889 4617 miserere
904 4548 1016 4629 nostri,

214 4639 262 4700 16.
285 4634 311 4701 O
328 4634 481 4718 Clemens,
496 4635 588 4700 nobis
601 4634 644 4702 sis
660 4635 805 4700 clemens.
