3266 5222
744 211 975 277 -211-

213 395 243 460 3.
271 393 438 480 Quartum,
453 401 538 486 magi
553 419 624 469 cum
639 410 803 485 venemnt,
887 403 915 465 6.
942 399 1068 468 Donum
1082 421 1157 470 vcro
1171 407 1204 471 te
1218 407 1387 488 praesente

269 481 428 550 Inlantem
443 489 667 568 adoraverunt,
941 483 984 550 ut
999 485 1032 552 in
1047 489 1154 554 coelos
1171 491 1372 572 ascendente,

269 567 476 637 Procidcntes
492 573 678 639 obtulerunt
941 569 1026 636 Tuos
1042 591 1119 654 ergo
1133 575 1322 642 attendente

269 649 336 718 Sibi
352 657 416 719 tria
429 673 577 722 munera:
941 653 1105 721 Clamores
1121 663 1153 723 et
1168 659 1321 739 gemitus:

269 734 432 816 Quintum,
452 741 571 822 templo
585 749 819 828 praesentatur,
941 735 1121 822 Ussdfflum,
1137 744 1366 810 eumvifliiflvii

269 817 461 890 Ulnissenis
477 825 673 908 deportatur,
939 823 982 888 Et
996 825 1115 891 amicos
1129 826 1330 908 confortavit,

268 903 329 977 Qui
345 907 664 976 dimittisetestatur
940 905 1144 975 Consortatos
1158 909 1368 976 inflammavit

267 987 355 1056 Tunc
370 991 402 1056 in
418 1012 497 1069 pace
512 995 622 1061 libera.
940 989 1070 1074 Septem
1084 993 1176 1060 donis
1189 995 1332 1078 spiritus.

211 1071 242 1130 4·
268 1074 400 1140 Sextum
415 1075 485 1156 luit,
502 1096 571 1143 cum
587 1085 735 1146 monetur

267 1160 394 1240 Ioseph,
409 1167 446 1226 ut
460 1167 676 1230 reverteretur

267 1243 317 1310 Ab
332 1243 486 1326 Aegypto,
504 1246 673 1313 tolleretur
883 1247 912 1306 7.
939 1241 1137 1326 Duodenum,
1152 1263 1223 1312 cum
1238 1249 1398 1313 coelorum

268 1325 596 1396 Genitrixcumlilio:
938 1327 1067 1393 intrans
1081 1347 1181 1410 regna
1195 1332 1382 1412 angelorum

267 1413 451 1494 Septimum,
472 1433 542 1480 cum
559 1417 754 1498 postulatum
937 1411 1066 1478 sociata
1080 1431 1115 1478 es
1128 1419 1320 1496 sanctorum,

265 1497 430 1576 Invenisti,
445 1499 544 1581 virgo,
560 1506 669 1565 natum
936 1497 1069 1576 Regina,
1085 1499 1279 1578 agminibus:

265 1581 308 1647 Et
321 1581 353 1646 in
369 1584 488 1664 templo
507 1584 694 1650 collocatum
936 1579 1062 1660 Vidisti,
1076 1599 1169 1662 quem
1185 1583 1351 1665 diligebas,

263 1665 301 1730 In
317 1666 482 1732 doctorum
497 1667 611 1732 medio.
935 1663 985 1729 Ad
1000 1683 1096 1746 quem
1111 1667 1158 1732 ire
1171 1665 1322 1749 cupiebas

208 1745 238 1804 5,
264 1749 420 1816 Octavum
436 1771 491 1817 sex
508 1753 692 1834 hydriarum
935 1747 979 1813 m
993 1767 1056 1830 quo
1071 1747 1134 1816 frui
1149 1751 1281 1816 sitiebas

263 1833 353 1900 Tunc
366 1835 399 1900 in
413 1836 519 1901 vinum
539 1855 772 1918 conversarum,
935 1832 1065 1913 Angelis
1080 1835 1289 1901 cantantibus.

264 1919 313 1984 Ad
329 1919 475 1984 decorem
490 1921 674 2002 nuptiamm

263 2003 421 2068 Convivas
437 2005 629 2070 laetificans:

261 2087 387 2152 Nonum
402 2088 471 2170 fuit,
489 2089 698 2170 cumrevixit,
880 2090 909 2150 8.
935 2085 1022 2166 Ergo
1037 2103 1145 2152 omnes
1161 2092 1193 2152 te
1208 2105 1367 2168 rogamus,

262 2172 642 2254 Sicutanteapraedixit.
936 2169 982 2236 Ut
996 2171 1050 2252 qui
1067 2177 1123 2237 tua
1138 2171 1375 2254 frequentamus

262 2255 332 2333 His,
346 2256 379 2321 in
395 2263 497 2322 morte
513 2275 592 2330 nuos
606 2256 727 2337 afflixit,
936 2253 1071 2332 Gaudia,
1087 2255 1300 2323 tevideamus

263 2338 304 2405 Se
318 2339 425 2407 vivum
440 2341 626 2408 testificans.
935 2339 972 2405 In
988 2345 1120 2404 aeterna
1134 2340 1246 2422 gloria.

204 2519 249 2574 Hs
276 2447 536 2576 tiatira
555 2451 607 2575 tt
620 2453 683 2576 tt.
699 2450 827 2577 titt
846 2447 1242 2590 ittdtildtliild
1255 2449 1507 2576 7751121121

203 2589 256 2730 ga.
276 2592 349 2731 riga.)
365 2593 416 2647 No.
436 2597 478 2648 36.
508 2595 526 2648 7.
545 2597 588 2648 21.
616 2598 659 2648 14.
677 2593 778 2648 Jatrt.
810 2593 860 2662 (G).
898 2623 932 2632 -
969 2591 1047 2646 Stetit
1071 2591 1143 2645 aucit
1167 2593 1206 2644 im
1233 2591 1298 2646 God.
1318 2591 1344 2646 S.
1364 2591 1507 2646 (1211546

237 2678 289 2716 run
308 2679 357 2718 er.

274 2749 301 2804 b.
320 2749 502 2806 Lesarten.
543 2755 565 2820 l,
586 2757 609 2806 l.
629 2751 751 2820 gloriosa
769 2749 800 2804 B.
837 2751 933 2806 Gaude
952 2751 1029 2818 virgo
1047 2750 1179 2818 gratiosa,
1203 2751 1235 2804 In
1261 2750 1378 2806 excelsis
1404 2750 1440 2818 gl.
1478 2749 1507 2804 O.

204 2850 239 2860 —
260 2825 283 2890 l,
303 2826 328 2876 2.
347 2825 473 2891 speciosa
490 2823 522 2877 B.
543 2823 584 2864 -'
598 2828 622 2890 l,
641 2827 666 2878 3.
685 2835 821 2892 generosa
840 2823 868 2876 0.
888 2853 922 2862 -
943 2825 966 2890 1,
986 2823 1010 2876 5.
1029 2821 1092 2876 hab.
1106 2822 1181 2890 sebit
1199 2823 1230 2876 Β.
1256 2853 1302 2868 -.
1316 2825 1340 2888 1,
1359 2824 1384 2876 6.
1403 2823 1507 2891 corrig.

205 2892 296 2948 lesum
316 2895 345 2948 G.
364 2923 398 2934 —
417 2899 442 2964 2,
465 2899 487 2948 1.
507 2897 534 2950 S.
554 2895 618 2950 dum
637 2896 665 2950 G.
685 2925 719 2934 -
739 2897 764 2961 2,
784 2897 808 2947 2.
828 2893 860 2948 E.
880 2909 951 2962 quae
969 2899 998 2948 te
1016 2891 1047 2946 B.
1078 2923 1106 2934 -
1137 2898 1164 2959 2,
1183 2897 1207 2948 3.
1234 2895 1297 2950 Chr.
1311 2894 1386 2961 sebit
1404 2893 1435 2946 B.
1472 2923 1506 2932 -

204 2967 230 3031 2,
249 2967 274 3018 4.
295 2963 392 3020 iulans
411 2967 439 3020 in
458 2967 489 3020 Β.
510 2997 543 3006 -
562 2971 587 3034 2,
607 2971 631 3020 7.
652 2971 800 3020 veneratus
819 2965 935 3031 Α.-3,
956 2968 979 3018 1.
998 2965 1031 3020 In
1050 2971 1149 3032 quarto
1168 2982 1202 3018 m.
1222 2983 1246 3020 v.
1265 2965 1320 3021 Au.
1340 2992 1373 3004 -
1393 2967 1453 3032 3,4.
1472 2963 1508 3018 ui

204 3041 238 3088 tr.
258 3035 289 3089 B.
308 3065 342 3077 -
362 3041 386 3106 3,
406 3040 431 3092 5.
451 3037 554 3104 Quinto
572 3039 606 3094 Α.
626 3068 660 3078 -
679 3041 704 3102 3,
724 3039 749 3090 7.
770 3036 823 3105 Qui
842 3035 923 3091 deum
943 3034 1144 3104 deprecabatur
1169 3037 1272 3092 Dicens
1291 3051 1334 3091 me
1352 3053 1379 3106 p.
1404 3035 1435 3089 B.
1471 3065 1506 3076 ·-

203 3109 229 3173 4,
249 3111 274 3162 2.
294 3114 450 3163 revertetur
467 3109 498 3162 B.
525 3140 558 3150 -
586 3113 611 3172 5,
631 3112 656 3163 2.
675 3109 714 3164 Et
730 3107 760 3161 in
781 3126 806 3162 v.
824 3107 880 3162 Ac.
918 3137 951 3148 -
988 3110 1013 3176 5,
1032 3108 1110 3162 211.
1130 3123 1300 3164 communem
1318 3124 1384 3176 nup.
1403 3106 1435 3161 B.
1472 3137 1506 3148 -

204 3179 229 3242 5,
247 3181 272 3232 4.
292 3178 429 3234 laetificas
447 3181 481 3236 A.
500 3212 534 3221 -
554 3183 578 3248 6,
597 3185 622 3234 7.
642 3181 671 3234 Is
689 3181 718 3234 in
736 3185 829 3233 monte
848 3193 919 3246 quos
940 3177 1028 3234 affixit
1045 3179 1079 3234 A.
1097 3209 1132 3220 -
1152 3184 1177 3248 6,
1197 3183 1220 3234 l.
1245 3181 1387 3236 Decimum
1406 3179 1459 3236 luit
1477 3185 1506 3234 te

203 3248 234 3302 B.
254 3265 319 3305 rere
339 3251 367 3306 (i.
387 3283 421 3293 -
440 3253 465 3320 6,
484 3257 510 3306 2.
529 3252 614 3308 coelis
632 3253 665 3304 A.
703 3251 814 3306 Christo
833 3251 900 3305 coel.
920 3251 951 3304 B.
980 3279 1014 3290 —
1042 3255 1067 3318 6,
1084 3253 1110 3304 4.
1129 3251 1248 3308 Dolores
1267 3259 1296 3306 et
1314 3251 1345 3305 Β.
1374 3280 1407 3289 -
1436 3253 1461 3320 6,
1480 3253 1505 3305 5.

203 3319 385 3377 Undecimum
404 3324 435 3378 Β.
454 3355 489 3366 -
509 3328 533 3390 6,
553 3328 577 3378 6.
596 3325 634 3378 Et
646 3323 720 3390 sedit
737 3324 771 3376 A.
808 3321 845 3376 Et
864 3329 978 3377 cunctos
998 3321 1069 3376 conf.
1089 3323 1120 3376 B.
1140 3353 1174 3364 -—
1194 3327 1219 3390 6,
1239 3325 1264 3377 7.
1284 3321 1451 3380 Consortans
1469 3323 1505 3388 A,

202 3395 305 3463 σοιτίς.
323 3393 399 3462 ipsos
418 3395 498 3450 donis
517 3397 546 3450 C.
566 3402 594 3448 et
612 3394 720 3449 inflavit
738 3395 769 3446 B.
806 3423 840 3433 -
876 3395 902 3462 6,
922 3396 947 3448 8.
967 3394 1041 3462 Sept
1056 3393 1130 3462 sebit
1148 3394 1179 3464 Β,
1203 3395 1291 3464 dcsdr
1319 3394 1399 3451 donis
1417 3395 1507 3450 sancti

203 3464 270 3532 spir.
289 3495 324 3506 —
343 3469 368 3532 7,
389 3469 411 3519 1.
432 3467 630 3522 Duodecimum
649 3465 680 3519 B.
699 3495 733 3504 -
752 3469 777 3532 7,
796 3467 821 3518 2.
840 3478 956 3532 ragnum
974 3465 1005 3520 B.
1025 3496 1059 3505 -
1079 3469 1104 3534 7,
1124 3469 1149 3520 Β.
1169 3467 1319 3522 societates
1337 3481 1400 3534 ang.
1419 3465 1450 3519 Β.
1470 3495 1504 3508 -

202 3537 228 3602 7,
247 3539 272 3591 5.
293 3535 379 3603 Quem
397 3537 451 3592 vid.
471 3555 497 3606 q.
516 3539 549 3593 A.
577 3567 611 3578 -
639 3540 665 3604 7,
685 3539 710 3591 6.
729 3535 799 3590 111ιι(1
816 3537 857 3591 ira
875 3535 906 3605 Β,
927 3537 988 3591 aiau
1001 3537 1056 3604 fiir
1074 3535 1148 3592 illuc.
1184 3567 1218 3578 -·
1254 3542 1280 3604 7,
1300 3541 1325 3591 7.
1344 3537 1394 3593 (lui
1412 3535 1445 3592 fr.
1471 3535 1506 3592 A.

203 3605 287 3663 Cuius
307 3608 335 3662 C.
355 3609 442 3676 Quem
462 3616 602 3679 spectares
621 3613 653 3664 ut
670 3607 782 3663 volebas
801 3607 833 3661 Β.
862 3637 897 3648 -
924 3610 952 3676 8,
973 3612 996 3667 1.
1015 3607 1054 3664 Ut
1073 3625 1123 3665 nos
1142 3625 1237 3666 omnes
1256 3610 1302 3676 qui
1321 3625 1380 3678 rog.
1399 3609 1433 3663 A.
1470 3639 1505 3648 -

201 3679 227 3744 8,
247 3682 271 3733 2.
290 3679 328 3734 Et
346 3681 393 3749 qui
413 3686 432 3734 t.
451 3687 649 3750 praeoptamus
666 3679 699 3736 A.
714 3679 789 3748 sebit
807 3679 838 3734 Β.
858 3709 892 3720 -
911 3683 938 3747 8,
957 3683 982 3735 3.
1002 3679 1110 3736 Gaudio
1129 3681 1162 3736 A.
1198 3680 1237 3737 Ut
1260 3679 1358 3735 habita
1382 3695 1505 3740 resuma-

201 3765 263 3806 mus
282 3750 312 3804 Β.
341 3781 376 3793 -
403 3753 429 3821 8,
448 3755 474 3806 4.
493 3752 554 3808 Tua
571 3769 638 3808 vcra
655 3749 756 3820 gaudia
774 3751 805 3805 B.
825 3751 938 3807 saecula
956 3753 984 3808 0.
1021 3783 1056 3794 -
1091 3752 1503 3822 accommodatione.

202 3821 283 3889 Quod
301 3828 391 3878 tecum
410 3839 621 3894 permaneamus
640 3825 673 3878 In
691 3827 808 3878 aeterna
825 3821 923 3892 gloria.

569 4205 639 4268 277.
678 4199 732 4268 De
753 4201 842 4271 beato
864 4201 979 4270 Morio
1000 4202 1130 4286 augiae.

203 4337 229 4396 1.
256 4327 447 4396 Gratulatur
461 4331 549 4397 orbis
563 4335 662 4414 totus,
930 4336 1124 4404 iocundetur
1136 4338 1304 4405 beatorum

256 4413 345 4479 Sacri
359 4412 457 4480 fontis
470 4417 557 4481 unda
571 4417 667 4496 lotus,
930 4421 1050 4488 Coetus
1064 4423 1167 4488 omnis
1181 4425 1377 4506 angelorum,

255 4495 381 4564 Psallat
396 4516 493 4564 sonus
509 4504 542 4565 et
556 4506 707 4582 aegrotus
928 4505 968 4571 In
982 4505 1110 4572 domino
1125 4508 1323 4574 dominorum

254 4579 570 4650 Lucisortosidere:
928 4590 1053 4656 Bonum
1068 4596 1119 4658 est
1134 4591 1302 4658 confidere.

1238 4691 1302 4762 14*
