3240 5224
690 321 921 388 -281-

120 508 198 570 14.
221 501 283 569 Hic
297 499 412 650 0111101
428 505 462 568 et
476 499 640 600 Achaicus,
661 501 812 584 Rhodios,
835 503 985 584 Iconium,
1011 499 1278 581 Thessalonicam,
1304 499 1451 584 Pontum,

124 674 198 738 15.
221 586 521 818 ΕιιιιῖΙΞοδέἓΓᾟὲιῑιξ
536 589 705 767 Efficimus,
719 671 855 752 Atticos,
870 669 1062 752 Corinthios,
1085 669 1307 753 Pamphilicos
1328 668 1451 750 cretos,

129 841 199 904 16.
222 837 282 903 His
295 753 687 920 prorssfifflsoiitlrulshsilgoesum
708 841 872 906 coronavit
891 837 1047 920 dominus,
1068 843 1104 904 ut
1125 857 1242 904 arcana
1262 837 1342 904 coeli
1363 837 1453 920 prius

300 924 435 987 intraret
449 939 545 1002 quant
560 923 683 988 obierit.

133 1010 200 1072 17.
222 1004 300 1072 Post
321 1006 433 1087 longos
455 1005 488 1070 in
510 1007 659 1074 membris
680 1005 791 1072 mundi
812 1006 988 1090 conflictus,
1011 1011 1107 1090 caput
1125 1007 1240 1090 ipsun,
1261 1005 1405 1087 Romam,
1420 1005 1454 1072 in

300 1089 421 1172 impetn
435 1091 552 1156 mentis
566 1091 643 1156 adit.

136 1177 200 1240 18.
222 1171 314 1239 Hanc
334 1181 423 1238 tanto
443 1175 687 1258 propulsaverat
709 1175 882 1258 triumpho,
904 1175 988 1242 mole
1010 1181 1047 1242 ut
1068 1173 1214 1242 vincendi
1232 1173 1302 1258 ipse
1326 1191 1453 1258 quoquc

143 1345 202 1406 19.
225 1263 555 1418 Ωιειῗιρεὲξῗιέρξιιῐιι
570 1343 698 1408 sibimet
711 1360 767 1408 rex
781 1341 933 1408 ferentem
949 1341 1061 1408 videns
1077 1341 1215 1422 laureas,

140 1429 202 1491 20.
226 1425 345 1491 Simoni
361 1427 476 1491 ducum
491 1427 624 1509 principi
639 1445 711 1492 mox
726 1434 918 1508 coaequatur
933 1428 966 1492 in
981 1443 1054 1492 arce
1069 1427 1144 1508 poli.

144 1514 202 1574 21.
224 1509 317 1575 Nunc
337 1527 447 1592 preces
468 1509 592 1576 tundite
612 1510 734 1588 sedulo,
756 1512 809 1592 qui
832 1511 937 1592 gratia
959 1528 1015 1577 vos
1038 1510 1156 1576 Christi
1179 1510 1282 1577 nostis
1296 1508 1454 1591 indignos

302 1593 378 1675 quia
394 1593 512 1660 Paulus
527 1595 578 1660 hic
593 1613 728 1676 magnus
743 1601 794 1661 est
809 1595 894 1676 apud
911 1595 1023 1672 Deum,

147 1682 203 1743 22.
225 1675 272 1744 Ut
286 1695 396 1760 preces
411 1677 516 1744 dando
531 1679 707 1754 continuas,
730 1697 864 1760 magnus
885 1677 941 1746 ille
963 1697 1022 1745 nos
1036 1679 1070 1745 in
1084 1677 1303 1760 paradisiacis,
1325 1678 1358 1743 in
1373 1693 1456 1760 quae

302 1771 414 1844 raptus
428 1771 487 1842 est,
503 1763 636 1828 collocet
651 1780 756 1828 secum
777 1763 864 1829 locis.

149 1850 204 1914 23.
225 1843 291 1912 llos
303 1847 594 1997 &ffimgnosrurepipleices
612 1848 646 1914 in
667 1845 728 1913 hac
749 1845 810 1924 die,
830 1863 971 1912 necnon
992 1845 1078 1914 omni
1091 1851 1247 1930 tempore,
1259 1845 1368 1926 Paule,
1384 1861 1456 1912 cum

149 2016 204 2080 24.
227 2010 274 2080 Ut
287 2013 427 2080 studium
441 2012 516 2080 fidei
531 1980 708 2098 legitimum
722 2013 809 2081 haud
819 2011 918 2098 lapsis
929 2017 1130 2096 permeantes
1141 2013 1296 2095 cursibus,
1308 2031 1457 2081 coronam

224 2103 514 2264 Teagepleilotreellmliz:
533 2209 594 2262 214.
613 2205 641 2262 S.
660 2210 722 2263 154.
742 2201 809 2262 aaa:
834 2203 888 2262 Hs.
916 2222 954 2262 aa
970 2204 1011 2260 St.
1032 2204 1133 2261 Gallam
1151 2206 1203 2263 No.
1222 2209 1275 2264 546
1301 2205 1457 2278 (Euander),

147 2275 200 2330 Bi.
219 2278 280 2332 129.
298 2278 350 2331 mit
368 2277 418 2332 uer
436 2277 614 2348 Ausaclm'fl:
632 2279 675 2334 Do
694 2279 869 2334 sanctissimo
889 2277 977 2334 Panlo
996 2277 1126 2347 apostolo
1151 2294 1183 2334 ac
1201 2280 1324 2348 gentiunt
1344 2277 1458 2334 doctore

147 2349 181 2404 in
200 2349 457 2404 commemoratione
476 2349 607 2418 eiusdem,
627 2349 724 2420 liudp
742 2349 1024 2416 Karlomannici,
1050 2349 1120 2404 ohne
1138 2349 1268 2404 Melodie.
1296 2379 1329 2391 —
1360 2349 1458 2406 Daniel

149 2417 188 2489 V,
207 2421 257 2475 io:
275 2419 319 2475 cui
337 2435 470 2490 perquam
489 2420 603 2478 dubium
621 2429 674 2504 est,
694 2421 742 2477 illo
761 2421 884 2477 carmine
904 2420 1117 2478 carlomannum
1134 2421 1304 2478 celebratum
1322 2420 1416 2480 tuisse.

590 2620 661 2686 392.
704 2616 757 2686 Dc
778 2622 887 2686 sonmo
909 2615 1025 2684 Paulo.

157 2757 186 2816 1.
212 2747 500 2829 Doctorigentium
831 2755 861 2820 1.
883 2747 1204 2826 Hacroceterritus‚

212 2833 336 2916 Pangat
350 2833 555 2913 praeconium
888 2835 1112 2918 compunctus,
1130 2830 1250 2898 domini

213 2915 319 2982 Mater
335 2917 485 2983 ecclesia:
888 2920 1032 3002 Spondet
1046 2916 1251 2998 obsequium:

214 3001 313 3066 cuius
329 3000 500 3068 virtutibus
887 3001 1230 3086 Baptismomergimr,

215 3089 321 3166 Atque
336 3084 501 3152 laboribus
888 3085 1156 3154 Doctoreiiicitur

215 3169 516 3250 Crevitinglorlo.'
888 3169 1206 3238 Praedicansiillum.

158 3250 190 3313 2.
215 3253 276 3319 Hic
291 3255 427 3333 primum
443 3252 588 3322 saeviens

215 3336 259 3402 Et
273 3344 374 3402 testes
389 3335 499 3404 odiens
834 3342 863 3405 6.
890 3337 1011 3402 iudaea
1025 3335 1157 3416 respuit,

214 3419 322 3486 Diuini
338 3421 474 3486 nominis
889 3419 982 3500 Quod
997 3418 1116 3484 Paulus
1135 3417 1262 3498 astriuit,

218 3504 385 3571 Stridebat
399 3505 560 3584 dentibus,
888 3505 1010 3572 Fremit
1027 3502 1160 3568 invidia:

217 3589 332 3654 Verbis
346 3595 379 3654 et
394 3589 541 3656 manibus
889 3588 1177 3664 Paratinteritum

217 3671 533 3754 Eiiusorsanguiuis.
890 3671 1203 3747 committentium,

162 3754 191 3817 3.
218 3755 296 3821 Post
309 3757 413 3822 scelus
427 3755 569 3839 impium,
890 3755 1039 3823 Custodit
1052 3754 1187 3820 moenia.

217 3838 308 3918 Quod
323 3841 355 3905 iu
370 3843 559 3922 martyrium

218 3924 396 4006 complevit
411 3922 573 4007 Stephani,
836 3929 864 3993 7.
889 3922 951 3990 Hic
965 3942 1028 3990 non
1042 3919 1173 4004 periculi

216 4009 410 4075 Damascum
429 4015 590 4090 properat,
891 4007 992 4087 Metu,
1009 4005 1066 4072 sod
1081 4003 1188 4088 populi

219 4091 266 4157 Ut
279 4093 392 4159 cedros
408 4091 534 4158 auferat
891 4089 1035 4157 Salutem
1050 4090 1171 4156 sitiens.

217 4175 329 4244 Totius
345 4176 468 4242 Libani.
939 4223 944 4232 .

162 4252 193 4316 4·
218 4261 441 4342 Propinquans
455 4259 622 4327 moenibus
835 4263 865 4326 8.
891 4255 1029 4323 Goelesti
1046 4255 1165 4340 pabulo

220 4342 358 4410 Summis
373 4343 552 4426 fulgoribus
891 4342 942 4408 Ab
957 4341 1016 4406 hoc
1031 4339 1186 4423 discipulo

219 4428 295 4494 Mox
311 4427 591 4494 circumfunditur:
892 4424 1030 4492 Gentilis
1044 4427 1201 4507 pascitur:

219 4513 391 4578 interram
410 4513 541 4592 corruit,
892 4511 987 4577 Stans
1003 4517 1108 4576 mente
1122 4525 1233 4589 vacua,

219 4596 311 4662 lesus
326 4595 410 4661 hunc
425 4597 542 4678 arguit,
891 4593 990 4659 Fame
1006 4599 1171 4676 perpetua,

220 4679 314 4760 Quod
327 4697 362 4747 se
378 4681 592 4764 persequitur.
891 4677 1032 4744 Iudaeus
1046 4677 1191 4743 moritur.
