3186 5254
617 327 844 390 -477-

93 517 128 578 5.
154 513 367 596 Augustanos
381 513 478 580 decus
492 517 598 593 name,

152 599 263 664 Patris
278 597 359 664 iovit
373 598 529 664 charitate

153 684 264 750 Instar
279 683 351 748 novi
368 682 511 766 syderis:

152 766 194 832 In
210 786 274 850 qua
287 768 398 833 lucens
412 765 492 832 lucis
506 784 595 832 more

154 850 292 918 Stellam
306 851 404 917 vincit
418 851 451 916 in
468 849 601 934 fulgore,

153 934 294 1001 Portans
308 952 416 1000 arcam
430 934 578 1001 foederis.

99 1019 131 1084 6.
156 1019 252 1086 Omni
267 1019 365 1101 digna
379 1037 430 1086 res
444 1018 562 1100 lavore,

157 1102 362 1169 Constitutus
375 1103 408 1169 in
423 1103 543 1170 honore

153 1186 274 1253 Christi
288 1187 364 1254 tulit
379 1187 547 1269 stigmata:

155 1271 304 1338 Monstra
318 1272 439 1338 saeculi
453 1271 612 1352 contrivit,

156 1356 225 1422 Nec
238 1355 363 1423 turbari
378 1356 506 1440 praesul
521 1356 596 1422 sivit

157 1440 264 1506 Oorda
279 1439 383 1506 carnis
399 1439 543 1508 sabbata.

104 1521 135 1588 7.
156 1523 272 1607 Gregis
287 1524 392 1605 surgit
406 1525 600 1591 incremento

154 1609 204 1674 De
218 1607 336 1674 radicis
350 1605 566 1686 fundamento,

154 1691 320 1775 Tanquam
334 1693 449 1759 cedrus
464 1691 594 1759 Libani:

157 1775 228 1844 Hoc
241 1793 394 1860 processu
410 1776 564 1842 dilatatus

157 1859 261 1944 Super
275 1861 361 1926 rivos
377 1867 428 1926 est
441 1861 606 1942 plantatus

157 1943 253 2011 Vices
268 1963 368 2027 agens
380 1944 514 2042 platani.

784 517 812 577 9.
833 511 961 579 Cherub
976 511 1092 597 aspicit
1106 511 1269 576 extentum

831 599 874 663 Et
889 597 999 663 sedilis
1017 597 1237 664 ornamentum

831 682 1008 764 Seraphiua
1023 681 1120 748 facie:

832 765 999 832 Trinitatis
1013 763 1226 831 hierarchiam

831 850 1079 933 simplicemque
1093 846 1319 926 monarchiam,

831 933 967 1000 Currum
982 935 1078 1001 simul
1092 933 1221 1014 gloriae.

764 1019 811 1083 10.
832 1018 1019 1085 sanctitatis
1033 1017 1093 1083 hoc
1109 1017 1223 1082 decore

830 1105 930 1170 Lucet
944 1102 1014 1169 orbi
1029 1103 1108 1169 solis
1122 1117 1212 1166 more

833 1189 922 1254 Dans
938 1185 1051 1253 salutis
1065 1186 1208 1252 radium:

831 1272 963 1338 Morbus
979 1272 1082 1337 omnis
1098 1268 1287 1336 medicinam

832 1356 882 1422 Ab
896 1356 957 1422 hoc
970 1355 1065 1436 capit,
1080 1354 1251 1420 struinam

831 1439 972 1506 Iufidelis
986 1439 1136 1505 stadium.

764 1523 810 1585 ll.
829 1524 933 1590 Huius
947 1523 1042 1605 plane
1057 1525 1158 1588 uirtus
1173 1520 1275 1604 promi

831 1607 958 1688 Nequit,
976 1608 1043 1674 vice
1059 1605 1238 1689 cynamomi

829 1692 988 1758 Redolens
1004 1697 1037 1757 et
1051 1690 1204 1758 balsami:

831 1778 926 1859 Lapis
942 1777 1010 1842 eius
1027 1775 1187 1858 puriorem

833 1860 935 1928 Sudat
964 1860 1026 1926 olei
1041 1859 1197 1942 liquorem

829 1945 866 2011 ln
883 1944 1011 2010 dulcore
1027 1943 1150 2010 calami.

104 2019 135 2094 8.
157 2028 250 2095 Nunc
265 2029 298 2094 in
313 2027 441 2094 Christo
458 2029 693 2110 contemplatur
763 2024 809 2092 12.
830 2027 976 2094 Clemens
992 2029 1092 2111 igitur
1107 2027 1255 2096 antistes,

157 2113 257 2179 Oculo
272 2113 358 2195 quod
375 2111 565 2194 signabatur

156 2195 240 2262 Olim
255 2197 315 2263 sub
331 2197 527 2278 aenigmate:

156 2279 268 2346 Cernit
282 2299 379 2362 super
395 2279 629 2346 firmamentum

155 2361 231 2447 Spei
247 2371 378 2430 nostrae
392 2364 634 2442 nutrimentum,

154 2447 304 2515 Nesoium
319 2446 521 2515 iantosmate.

830 2113 938 2179 Noxas
953 2129 1062 2178 omnes
1076 2111 1158 2194 pelle
1172 2111 1282 2176 tristes

828 2195 872 2261 Et
886 2196 1032 2262 incursus
1046 2196 1199 2261 hostium:

828 2279 872 2345 st
886 2279 972 2362 quod
987 2297 1113 2362 semper
1128 2295 1296 2344 exoramus

829 2362 891 2428 Per
905 2369 938 2431 te
951 2365 1004 2445 pie
1024 2364 1194 2446 capiamus,

829 2449 933 2514 Verae
948 2447 1034 2513 uitae
1049 2448 1176 2530 gaudia.

154 2571 179 2610 a.
197 2554 223 2610 T
230 2561 299 2614 aot.
335 2556 426 2613 Morel
443 2555 495 2613 No.
515 2559 575 2614 536.
594 2555 622 2612 S.
642 2557 696 2610 307
715 2571 781 2611 aas:
798 2554 851 2610 Hs.
872 2571 909 2611 ru
921 2554 962 2611 St.
978 2555 1078 2612 Galles
1095 2555 1210 2612 Nosse
1230 2549 1385 2624 (Brondar),

83 2623 131 2680 ΒΖ.
150 2629 211 2682 367.

153 2716 179 2772 h.
197 2715 381 2773 Lacertae.
420 2719 462 2784 10,
480 2719 506 2772 2.
526 2716 592 2772 orbs
610 2715 664 2772 Hs.
692 2745 726 2758 ·-
756 2719 798 2784 10,
817 2718 841 2770 5.
862 2714 1006 2786 sapitHs.
1034 2744 1068 2757 -
1099 2717 1140 2784 12,
1160 2716 1184 2770 6.
1210 2711 1252 2768 Ea
1275 2707 1387 2766 istwol

85 2786 212 2854 gandium
231 2803 269 2844 ru
286 2787 368 2844 lesan.

338 3127 409 3190 709.
451 3121 504 3191 Do
523 3144 550 3190 s.
571 3123 733 3192 Siootslao
757 3123 848 3192 Orac.
871 3125 964 3206 corso.
987 3129 1015 3190 ot
1035 3129 1128 3190 mart.

88 3243 138 3311 (ss.
164 3239 383 3310 satagamus,
409 3224 468 3314 aar.
495 3243 527 3298 sn
555 3241 643 3300 aaran
670 3259 715 3300 am
742 3245 786 3300 ao.
803 3243 866 3299 rurs
883 3245 963 3309 roso,
990 3242 1086 3298 werae
1113 3244 1185 3296 rora
1209 3237 1334 3308 sessos
1353 3238 1385 3292 u
1421 3229 1423 3234 ·

161 3309 290 3384 Kratas,
309 3313 388 3370 scarb
408 3313 461 3369 den
479 3313 679 3387 Martyrcrtod
696 3331 741 3372 am
760 3319 786 3371 8.
805 3314 870 3370 Mai
887 3316 967 3380 1079,
987 3313 1096 3368 oerehrt
1115 3327 1161 3367 am
1178 3313 1204 3366 8.
1223 3310 1307 3378 Mai.)

94 3441 119 3500 1.
143 3431 368 3498 Laetcbundus

141 3515 278 3582 Plaudet
291 3515 430 3582 mundus

142 3599 277 3664 Plaudat
290 3598 359 3664 Deo

144 3680 220 3747 Dum
235 3687 367 3765 tropaeo

143 3763 244 3832 Decus
259 3783 352 3832 omne
369 3767 506 3834 saeculi:

143 3847 335 3915 solemnizet

142 3929 183 3998 Et
197 3933 359 4016 hymnizet

141 4016 198 4082 Die
211 4017 276 4084 ista

141 4099 198 4166 Per
212 4100 291 4167 haec
305 4099 389 4169 leste

143 4184 300 4252 Stanislao
314 4185 464 4268 praesuli.

94 4355 119 4416 l.
141 4352 318 4419 Boleslaum

143 4435 197 4514 Qui
213 4435 382 4519 profanum

142 4521 234 4587 treet
248 4539 357 4604 regem

142 4602 226 4673 Utin
241 4623 372 4688 gregem

142 4688 263 4757 Domini
278 4707 341 4758 nou
356 4691 496 4758 saeviat:

812 3434 896 3499 Dum
911 3449 1048 3498 vesanus

812 3517 945 3584 Mittens
959 3532 1072 3581 manus

812 3600 895 3667 Oves
914 3599 1034 3666 Christi

810 3685 915 3751 Dente
928 3685 1014 3750 tristi

813 3769 911 3836 Velut
924 3769 1020 3851 lupus
1033 3765 1142 3834 laniat.

755 3943 784 4004 3.
810 3935 989 4002 Execratur

811 4021 855 4086 Et
870 4020 1042 4086 damnatur

811 4103 922 4170 Scelus
937 4103 1023 4184 regis

810 4188 883 4254 Iure
898 4187 980 4268 legis

808 4272 871 4337 Per
885 4287 1053 4336 censuram
1067 4269 1243 4353 praesulis:

810 4357 940 4437 hugens
955 4352 1074 4420 malum

809 4439 1023 4505 Inhumanum

806 4522 873 4589 Lae
886 4539 1097 4590 mammarum

808 4607 1009 4674 Feminarum

807 4691 874 4760 Dat
887 4691 1066 4776 sugendum
1081 4689 1208 4757 catulis.
