3234 5246
666 347 895 412 -379-

156 531 186 591 4.
209 525 269 592 llic
284 531 334 590 eat
350 524 540 603 Gordianus,
563 525 674 592 mundi
688 527 849 608 quondam
864 525 985 608 primas
1000 529 1096 606 atque
1112 523 1258 604 vicariae,
1282 525 1341 594 sub
1357 523 1434 592 Iuli·

286 627 346 674 ano
362 613 498 690 tyranno
515 608 768 676 Christianorum
784 628 926 691 aucupe3
1326 642 1329 648 ·

157 698 187 758 5.
211 692 272 770 Qui
294 693 382 790 diues
402 711 473 758 eum
492 699 577 760 esset
591 695 684 792 ‘apud'
702 696 926 779 imperatorem
942 697 975 758 et
988 691 1089 758 fultus
1105 692 1208 774 gloria
1221 693 1335 774 grandi
1350 693 1436 778 prin-

157 864 186 926 6.
210 795 504 943 Cbrrgffisopgggruaa
515 782 1092 946 ataugei}svpffltffirtedba'rismatibus
1103 858 1219 927 divinis
1230 861 1322 943 plene
1332 861 1436 928 imbu-

285 951 349 1022 tus,
366 945 468 1011 lleurrr
483 946 685 1028 amplectitur
700 953 734 1012 et
747 965 855 1028 regem
870 945 1010 1026 reliquit.

157 1034 186 1093 7.
209 1029 327 1094 Paulus
341 1029 506 1111 apostolus
520 1035 557 1095 ut
572 1031 648 1096 olim
663 1033 789 1113 spirans
804 1031 898 1096 minis
916 1035 949 1093 et
964 1028 1081 1109 caedis,
1105 1028 1181 1102 dum
1200 1030 1308 1096 studet
1322 1048 1435 1114 capere

286 1114 355 1192 capi
371 1119 520 1192 meretur,
540 1132 579 1180 ex
594 1121 799 1198 persecutore
813 1115 901 1180 verbi
917 1119 1005 1180 sator
1019 1111 1132 1178 actm.

156 1202 185 1262 8.
209 1196 270 1262 llio
296 1197 475 1262 Gordianus
501 1198 577 1262 dum
601 1197 725 1281 plebem
750 1199 935 1264 credentum
963 1195 1182 1278 persequendo
1213 1196 1288 1264 iecit
1317 1199 1435 1266 ascribi

287 1282 537 1362 mancipandam,
553 1283 639 1364 quod
651 1284 845 1365 expugnavit
859 1299 917 1365 pro
932 1281 987 1346 illo
1003 1298 1116 1364 passus
1130 1283 1276 1347 moritur.

157 1371 186 1430 9.
209 1363 252 1430 Et
266 1383 437 1446 supparem
459 1383 554 1448 quem
573 1369 753 1432 mundanus
767 1367 916 1444 babebat,
937 1366 1001 1430 iam
1022 1363 1147 1430 diuinus
1168 1371 1266 1446 atque
1286 1367 1434 1432 coelestin

287 1455 464 1515 exactorem
481 1452 660 1516 sustinebat
675 1457 708 1516 et
722 1449 951 1516 ferocissimum
966 1449 1113 1516 iudicem.

136 1540 186 1600 10.
211 1534 288 1600 Cum
305 1539 412 1598 autern
427 1539 552 1600 creator
568 1535 761 1616 decerneret,
784 1553 876 1600 suum
898 1534 1052 1600 athletam
1066 1551 1199 1615 agonem
1216 1535 1388 1600 terminare
1404 1537 1436 1599 et

285 1617 385 1682 labari
401 1617 495 1684 finem
509 1619 647 1684 sanciret
660 1619 834 1700 imponere,
855 1620 915 1684 sub
936 1619 1006 1683 ensi
1026 1617 1148 1682 crudeli
1168 1620 1318 1684 occubuit
1330 1625 1364 1684 et
1378 1637 1436 1702 per

284 1703 428 1851 mortaled
443 1707 636 1768 tormentum
655 1703 860 1783 reviviscens
882 1703 980 1768 vitam
1003 1720 1059 1785 per
1073 1707 1208 1768 mortens
1224 1721 1258 1770 se
1272 1721 1356 1769 nuuc
1370 1705 1436 1769 lae-

286 1791 406 1852 tatura
430 1792 547 1869 eptam.

137 1877 186 1936 11.
208 1869 300 1936 Nunc
315 1889 423 1936 onmes
437 1875 610 1952 martyrem
632 1871 718 1936 coelo
739 1871 898 1936 fruentem
920 1871 1078 1936 communi
1093 1888 1171 1936 vaca
1186 1870 1434 1956 expostulamus,

285 1961 321 2020 ut
336 1955 390 2019 illo
407 1959 440 2019 et
453 1955 648 2037 Epimacbus
663 1973 720 2020 nos
736 1959 767 2020 et
781 1955 864 2020 bunc
878 1956 982 2020 locum
997 1952 1136 2020 foveant.

136 2042 185 2104 12.
210 2035 264 2118 Ut,
286 2039 368 2104 sieut
382 2040 490 2104 unitas
504 2039 577 2105 illos
593 2039 667 2104 fidei
682 2045 715 2104 et
729 2041 841 2105 tumba
855 2038 980 2104 socialis
995 2039 1117 2118 nexuit,
1144 2040 1190 2104 sic
1205 2039 1308 2104 simile
1323 2036 1434 2104 suflra-

286 2124 371 2204 gium
388 2124 564 2189 sentiamus
581 2124 756 2188 amborum.

137 2211 186 2273 13.
210 2206 237 2271 Ο
252 2207 393 2286 domiue,
416 2209 470 2289 qui
491 2207 576 2272 bunc
596 2208 760 2274 contulisti
775 2206 928 2274 bonorem
942 2207 1007 2272 tuis
1022 2206 1176 2288 testibus,
1203 2207 1258 2288 qui
1273 2211 1305 2270 te
1320 2209 1436 2272 cuncta

285 2298 472 2374 spernentes
488 2299 580 2356 erant
593 2293 703 2372 secuti,

135 2380 185 2440 14.
209 2373 255 2440 Ut
278 2375 461 2456 cantuplum
487 2375 519 2440 in
546 2376 605 2440 hoc
630 2376 695 2441 illis
720 2375 839 2441 mundo
866 2375 1002 2441 donnes
1028 2379 1060 2440 et
1085 2375 1183 2441 vitam
1209 2379 1373 2440 aeternam
1402 2375 1435 2440 iu

284 2477 421 2540 superna
435 2460 509 2525 sede
523 2459 660 2542 largitus
675 2477 769 2540 essee,

135 2547 184 2607 15.
207 2541 272 2607 Fae
287 2562 343 2608 uros
358 2543 471 2608 borum
487 2549 659 2624 consortes,
674 2561 877 2626 quaesumus,
891 2545 924 2609 in
940 2544 1046 2625 coelis,

135 2631 184 2695 16.
208 2626 349 2704 Quorum
365 2627 542 2710 triumphos
557 2628 676 2695 bonore
690 2647 880 2694 veneramur
894 2629 927 2694 in
943 2629 1046 2695 terris.

203 2733 298 2789 Text.
336 2736 425 2791 Morel
444 2736 496 2790 No.
514 2739 577 2792 428.
595 2735 623 2792 S.
641 2739 695 2790 237
713 2753 780 2792 aaa:
799 2735 852 2790 Hs.
871 2735 924 2791 No.
946 2739 994 2790 121
1015 2751 1052 2790 aa
1070 2733 1245 2804 Diomedae,
1272 2737 1316 2788 10.
1335 2733 1435 2790 labra

132 2807 256 2864 Notkers
274 2805 433 2875 Sequanam
451 2807 619 2864 enlbaltead.
648 2837 682 2848 -
712 2808 813 2864 Daniel
832 2807 865 2876 V,
885 2807 1019 2876 adfabre
1038 2806 1084 2862 die
1102 2809 1127 2861 1.
1146 2803 1225 2861 Zeila
1251 2821 1304 2860 aaa
1323 2804 1389 2861 Ood.
1409 2805 1436 2860 S.

133 2877 204 2934 Gall.
222 2877 274 2934 No.
294 2881 346 2934 546
365 2877 512 2949 (Brender)
531 2894 576 2933 an.

394 3145 479 3208 ·553.
523 3138 576 3206 De
596 3160 623 3205 a.
644 3139 783 3207 Erosma
806 3141 951 3224 cpiscwo
972 3145 1002 3205 er
1022 3144 1171 3224 martyra.

434 3256 524 3326 (ticet.
542 3275 590 3314 am
609 3257 661 3315 das
678 3257 705 3314 J.
724 3261 787 3326 303,
805 3258 915 3314 uerebrt
933 3273 979 3312 am
997 3260 1022 3312 4.
1042 3255 1135 3326 doni.)

138 3389 167 3448 1.
193 3379 390 3448 Sanctissimi
405 3379 563 3464 pontilicis
868 3377 962 3446 Unde
983 3396 1131 3446 moerens
1153 3380 1282 3463 praesul
1298 3387 1436 3464 sanctus,

192 3467 236 3532 Et
249 3467 404 3531 virtutum
419 3464 543 3546 opificis
866 3463 1041 3547 Postquam
1056 3463 1158 3531 saevit
1172 3463 1262 3530 furor
1277 3469 1395 3547 tantas,

191 3549 319 3616 Erasmi
334 3549 501 3615 sollemnia
866 3549 994 3632 Pauper
1008 3547 1045 3615 fit
1059 3549 1202 3615 eremita.

193 3633 274 3699 Toto
290 3635 385 3700 corde
399 3632 586 3714 recolamus,

192 3717 235 3782 Et
250 3719 365 3784 deuote
381 3718 585 3784 concinamus
810 3723 839 3782 4.
866 3714 930 3784 Ubi
946 3718 1050 3784 ductis
1063 3721 1185 3800 septem
1199 3717 1291 3784 annis

192 3801 344 3885 Martyris
358 3802 537 3886 praeconia.
866 3800 945 3866 Tam
960 3803 993 3867 in
1007 3802 1133 3884 hymnis
1146 3819 1242 3883 quam
1253 3802 1287 3868 in
1298 3802 1437 3884 psalmis,

864 3886 1046 3952 Revocatur
1061 3886 1229 3952 divinitus:

137 3974 167 4034 2.
194 3967 254 4046 Qui
270 3970 303 4035 in
319 3970 414 4035 huius
429 3969 540 4034 muudi
556 3970 648 4052 spina
865 3968 923 4034 Gui
939 3976 1108 4036 occurrunt
1122 3969 1248 4050 infirmi,

192 4053 415 4120 Fulsitutlux
430 4052 598 4134 matutina,
866 4053 970 4134 Caeci,
986 4053 1101 4135 claudi,
1118 4055 1208 4132 muti,
1226 4053 1325 4135 surdi,

193 4135 341 4204 SoliDeo
357 4137 512 4204 serviens:
865 4137 966 4220 Opem
979 4143 1115 4222 pascunt
1130 4137 1337 4218 singultibus.

192 4223 235 4288 Et
248 4223 385 4288 inuictus
399 4225 436 4287 ut
450 4221 581 4300 athleta,

193 4306 292 4372 (liade
306 4307 400 4372 huius
415 4305 501 4371 vitae
516 4309 633 4386 spreta.
811 4310 838 4370 5.
866 4303 894 4371 0
909 4304 1072 4371 laudanda
1087 4305 1210 4371 cunctis
1224 4305 1313 4372 horis

192 4390 246 4456 Fit
261 4409 318 4474 pro
335 4389 463 4456 Christo
477 4391 616 4472 patiens.
864 4389 1052 4472 Benignitas
1068 4390 1249 4470 salvatoris

865 4471 969 4540 Tanta
983 4481 1150 4556 praestans
1165 4475 1330 4542 fidelibus!

137 4565 166 4624 3.
191 4557 273 4623 Nam
287 4558 404 4625 zabulo
418 4557 592 4640 instigante
864 4556 1310 4642 Hiucapraviscoarctatur‚

192 4639 337 4708 Dioclete
351 4645 528 4724 imperante
864 4641 1003 4706 Diocleti
1019 4647 1254 4724 praesentatur,

193 4724 357 4794 Turbatur
371 4725 520 4795 ecclesia:
866 4723 1218 4794 Ponerethuraidolis.
