3186 5254
657 278 803 342 -469
846 311 888 324 -·

117 464 154 524 7.
183 457 300 538 Rosia,
316 457 547 542 poterantne,
857 459 985 526 Medera
1000 459 1119 526 nostris
1134 460 1295 528 mentibus

184 541 534 626 Succurreepidimiae,
857 543 1008 626 Expulsis
1023 542 1242 626 languoribus,

184 625 278 704 Quali
292 625 375 694 truci
390 645 557 692 vexamur:
855 623 902 692 Ut
916 631 1020 692 tecum
1035 627 1216 710 gloriemur.

197 733 291 790 Text.
327 731 685 792 matemautensem
704 750 773 790 aaa:
801 732 852 788 Ha.
878 750 916 788 aa
938 733 980 789 St.
1001 733 1102 790 Getica
1125 737 1178 794 No.
1197 740 1250 794 ste
1272 737 1428 808 (Eranam),

118 804 174 930 ὁΒῐ.
193 809 265 930 2511.Ἴ
292 803 350 934 Iam
378 805 428 860 der
454 804 631 876 Ausootn'ft:
658 805 807 875 Sequentia
833 806 862 858 in
890 811 988 861 octava
1008 821 1030 862 a.
1049 807 1206 877 Laurentii,
1232 809 1293 865 auci
1315 811 1428 866 vador-

140 891 221 932 esrem
263 893 298 932 aa
311 893 333 932 e.

680 1032 879 1042 ----—---

585 1179 656 1243 697.
700 1175 742 1240 In
763 1194 789 1240 s.
812 1175 966 1241 Roohum.

149 1313 178 1372 1.
198 1307 589 1374 inhonoremsalvatoris
869 1310 993 1378 Parvus
1009 1309 1335 1392 oaniapanesportat

199 1390 308 1459 Sancti
321 1391 629 1460 Roohioonfessoris
869 1391 1057 1460 AGotardo
1075 1397 1264 1476 etreportat

197 1476 506 1557 Agaturmemoria:
870 1477 1176 1560 Ganeviroregula.

198 1557 261 1636 Qui
276 1559 315 1624 de
330 1559 417 1625 eoelo
432 1567 641 1643 praenotatur
821 1565 851 1626 8.
871 1562 923 1628 Sic
938 1561 987 1628 vir
1001 1566 1133 1628 sanctus
1148 1559 1348 1628 confortatur

198 1641 241 1709 Et
256 1641 297 1709 ad
312 1647 447 1710 matrem
462 1645 633 1710 nunciatur
868 1647 953 1712 Dum
967 1643 1111 1712 Gotardo
1127 1645 1311 1712 consolatur

197 1724 475 1812 Saluteangelica.
869 1729 909 1794 In
924 1729 1007 1796 valle
1021 1729 1182 1796 miseriae:

147 1811 178 1873 2.
198 1809 260 1890 Qui
275 1811 315 1876 de
330 1815 442 1878 ventre
456 1813 569 1878 matris
586 1815 690 1893 natus,
870 1813 913 1878 Et
928 1831 984 1896 per
1000 1812 1149 1895 angelum
1163 1818 1305 1896 sanatur,

199 1895 297 1978 Signo
312 1896 415 1963 crucis
430 1901 463 1962 et
477 1897 632 1978 signatus,
870 1896 1049 1974 QuiaDeo
1063 1896 1253 1964 mittebatur

198 1975 572 2062 Quodsinistrapatuit:
869 1980 1211 2063 Raphaetinnomine.

198 2061 322 2140 Quarta
335 2067 489 2146 sextaque
503 2062 584 2130 feria
679 2105 682 2110 ,
821 2069 850 2131 9.
868 2063 1333 2148 PostquaminLongobardia

85 2150 93 2173 ⁸
198 2146 304 2215 Semel
318 2147 441 2216 lactans
456 2148 573 2214 indicia
870 2148 1204 2231 mouneiatngreria

198 2230 553 2314 Sanctitatispraebuit.
870 2233 1004 2299 Ponitur
1018 2233 1051 2298 in
1066 2249 1209 2298 carcere:

149 2316 179 2381 3.
199 2313 256 2382 Uti
270 2315 388 2382 mundo
403 2316 457 2398 qui
473 2335 543 2382 cum
560 2321 672 2398 posset
869 2316 919 2382 Ab
933 2316 1057 2399 angelis
1073 2316 1243 2383 fovebatur

197 2399 241 2466 Et
255 2399 451 2467 mundanum
466 2397 573 2468 fucum
587 2407 698 2468 nosset
868 2399 912 2467 Et
927 2401 967 2466 de
981 2401 1068 2468 coelo
1082 2401 1264 2467 laetabatur

197 2482 337 2550 Mundus
353 2484 506 2550 mundum
520 2485 638 2550 tenuit:
870 2483 968 2552 Visus
984 2485 1064 2550 miro
1079 2483 1208 2551 lumine.

199 2567 292 2634 Omni
306 2572 417 2650 spreta
431 2586 467 2633 re
481 2573 617 2652 paterna
803 2568 852 2629 10.
871 2567 1266 2648 Roohuaibiritamtinit,

197 2649 339 2718 Mentem
353 2651 489 2718 tendens
504 2654 537 2717 in
552 2671 690 2735 superna
871 2651 930 2718 Oui
945 2651 1033 2718 Deus
1049 2651 1119 2718 dari
1133 2651 1209 2718 sinit

199 2734 314 2802 Omnia
329 2733 480 2802 deseruit.
870 2735 1024 2802 Tabulam
1040 2753 1097 2818 per
1111 2735 1275 2818 angelum:

151 2814 179 2880 4.
198 2820 245 2884 Ao
282 2822 331 2884 ost
344 2823 478 2884 mortem
491 2819 541 2884 sui
553 2821 654 2903 patris
870 2818 960 2898 Quae
974 2819 1080 2885 divine
1094 2817 1292 2886 scribebatur

197 2899 242 2968 Et
256 2837 420 2970 secessum
436 2919 513 2968 suae
528 2905 640 2970 matris
869 2903 1003 2986 Scriptis
1019 2903 1089 2970 auri
1103 2909 1137 2970 et
1151 2903 1274 2970 ditatur

197 2985 335 3068 Peregre
350 2985 534 3053 divertitur:
869 2985 967 3054 Manu
982 2987 1042 3053 Dei
1057 2987 1206 3054 siderum.

199 3069 243 3136 Et
255 3069 299 3138 ad
315 3071 425 3137 domos
439 3069 635 3138 infirmorum
804 3077 851 3137 ll.
870 3069 993 3137 Nomen
1008 3069 1109 3136 Roohi
1124 3071 1207 3137 intra
1222 3071 1376 3156 scriptum

199 3155 295 3221 Peste
309 3155 380 3221 dira
393 3171 615 3237 perpessorum
871 3151 1293 3230 QuodaDeoiuitdiotum

199 3237 328 3306 Festine
341 3240 529 3322 ingreditur.
871 3235 917 3303 Ut
929 3238 985 3320 qui
1000 3257 1072 3304 eum
1087 3238 1255 3304 decorant:

154 3325 180 3392 5.
198 3321 305 3390 Iesum
321 3321 484 3389 Christum
499 3323 601 3388 Deum
617 3323 734 3390 elamat
870 3319 974 3388 Pestis
989 3323 1078 3387 uleus
1094 3321 1282 3404 depellatur,

199 3406 415 3490 Signocrueis
431 3412 647 3474 omnessanat
872 3404 1306 3489 sanitasquehiareddatur‚

199 3490 494 3573 Suaprovidentia:
870 3487 931 3567 Qui
946 3505 1018 3555 eum
1033 3495 1290 3558 commemorant.

199 3572 249 3639 Ad
264 3591 357 3656 quem
373 3576 463 3640 venit
477 3573 525 3640 vir
540 3575 663 3655 beatus,
803 3575 852 3638 12.
871 3573 929 3653 Tu,
945 3574 1000 3656 qui
1015 3572 1344 3640 Deoestamcharus

199 3657 335 3724 Prorsus
349 3657 411 3723 fuit
422 3657 474 3723 hio
488 3665 620 3726 sanatus
873 3657 1287 3738 Esinluoevaldeclarua

200 3739 317 3806 Divina
331 3741 484 3823 potentia.
871 3740 1225 3810 Sacratuosfamulos:

156 3817 182 3882 6.
201 3823 353 3891 Civitates
371 3823 486 3891 Italiae
871 3825 915 3893 Et
929 3843 949 3892 a
962 3831 1052 3908 peste
1067 3845 1125 3892 nos
1140 3823 1285 3906 deiende,

200 3907 321 3974 Romae
335 3907 578 3990 Longobardiae
872 3911 972 3993 Opem
986 3909 1078 3976 nobis
1094 3926 1132 3976 ac
1145 3907 1294 3993 impende

200 3993 564 4074 sanatauisprecitus:
872 3993 992 4060 Contra
1004 3995 1108 4060 morbi
1121 3993 1277 4060 stimulos.

199 4075 360 4160 Hospitali
375 4075 556 4142 Placentiae
805 4073 853 4141 13.
870 4077 1343 4160 Virtampotenstambeatus

200 4159 375 4228 Percussus
388 4159 491 4244 pestis
506 4159 594 4225 silice
873 4160 1283 4228 Gumhonoreooelooatus

199 4242 574 4312 Abiectusemoenibus.
872 4245 911 4311 In
925 4245 1057 4311 coelesti
1072 4245 1174 4311 ouria:

158 4333 183 4394 i.
199 4327 370 4412 Languens
386 4330 462 4396 dum
476 4327 509 4393 in
524 4327 604 4393 silua
619 4325 699 4406 sitit,
871 4329 966 4411 Veto,
981 4335 1251 4412 veteranarum,

200 4409 336 4479 Pontem
350 4413 436 4480 Deus
451 4411 512 4478 sibi
527 4411 627 4477 mittit
872 4410 919 4478 Ut
933 4431 990 4497 per
1004 4413 1108 4496 ipsum
1123 4413 1214 4480 nobis
1229 4413 1324 4482 detur

199 4495 408 4564 Praeostensa
422 4493 557 4564 nebula:
873 4495 1197 4581 Christiiruigloria.
1232 4499 1343 4566 Amen.

202 4599 289 4662 Teat
330 4603 411 4662 Mias.
429 4603 508 4663 fratr.
526 4603 616 4661 Paria.
636 4603 713 4660 1520.

678 4733 878 4752 m
