3234 5246
738 287 967 352 -416-

225 465 253 527 4.
271 463 463 546 Angelorum
479 471 593 532 nactus
608 467 715 550 vitam,
732 475 768 535 ut
782 470 933 536 mortales
949 471 1078 552 angelos

273 547 415 626 Fecerat,
431 559 464 616 et
479 553 545 616 veri
560 553 636 616 solis
652 555 836 636 propalaret
850 553 966 630 radios,

273 632 314 696 nt
329 652 485 714 supernae
501 635 622 702 ciuitati
634 642 833 704 restauraret
846 639 998 719 perditos.

224 719 252 778 5.
273 717 370 782 Gravi
386 717 467 782 mole
481 721 705 799 premebamur
719 723 752 788 in
768 723 914 804 Aegypto
935 723 1063 800 soeculi,

273 799 364 876 Quod
380 801 504 866 Pharao
520 822 574 870 rex
589 805 726 886 Aegypti
742 808 801 872 sub
817 807 887 886 lege
902 807 1024 872 servitii

273 885 455 962 Detinebat
472 885 512 950 ad
528 890 675 968 perennis
691 891 800 970 iugum
816 891 1005 956 exterminii.

225 971 252 1030 6.
273 969 333 1032 llic
349 973 533 1050 praeposuit
548 973 719 1052 inagistros
736 974 794 1038 luti
810 982 907 1055 atque
923 975 1043 1052 lateris,

272 1050 318 1116 Ut
332 1055 468 1117 terrenis
483 1061 703 1136 premerentur
717 1059 814 1122 eorda
828 1063 939 1124 nostra
954 1059 1065 1139 paleis,

273 1136 339 1199 Nec
353 1138 385 1200 iu
402 1143 511 1202 nostro
528 1141 608 1204 niori
623 1158 727 1206 mares
743 1141 824 1206 ullos
838 1159 908 1206 esse
924 1143 1032 1206 voluit.

225 1219 252 1280 7.
273 1220 314 1284 bt
331 1219 464 1286 loannes
479 1222 693 1306 Pulsanensis,
709 1229 838 1306 sumpte
852 1225 943 1306 virga
957 1226 1072 1307 Moysi,

272 1303 425 1370 Tenebris
441 1305 480 1370 de
496 1315 697 1387 peccatorum
713 1311 812 1374 traxit
826 1310 977 1392 populum
994 1309 1063 1389 Dei,

271 1387 469 1455 Parsimonia
484 1391 578 1470 legali
595 1393 724 1457 strinxit
737 1392 857 1458 fluxum
872 1394 979 1460 seculi.

223 1467 252 1532 8.
272 1471 380 1537 Nutrit
395 1476 551 1540 musculos
569 1477 722 1542 virtutum
739 1483 836 1558 atque
850 1476 943 1542 findit
960 1479 1112 1560 impetum

272 1555 490 1622 Poenitentiae
506 1561 665 1640 baptismo
681 1566 794 1626 enecat
809 1561 993 1642 Aegyptios,

271 1639 313 1704 Et
329 1640 468 1704 divinum
485 1651 595 1707 contra
610 1644 719 1710 hostes
734 1653 907 1728 praeparat
921 1645 1101 1710 exercitum.

223 1721 251 1784 9.
273 1723 334 1787 Per
350 1726 512 1790 desertum
529 1729 612 1792 vitae
627 1727 721 1793 buius
737 1745 866 1810 gregem
881 1728 943 1794 sibi
960 1727 1123 1794 subditum

272 1807 390 1872 blanna
405 1811 492 1890 pavit
507 1829 543 1874 ao
559 1811 745 1894 lympbavit,
761 1831 823 1894 quo
840 1817 970 1894 pararet
985 1813 1107 1877 aditum

274 1891 322 1956 Ad
337 1893 516 1973 ingressum
533 1903 662 1960 carretae
678 1901 793 1974 terrae,
810 1914 893 1978 quae
909 1915 983 1979 pars
1000 1900 1049 1961 est
1064 1895 1247 1962 viventium.

206 1971 252 2038 10.
274 1976 340 2040 Rex
357 1984 505 2042 aeternus
518 1996 554 2044 ao
571 1980 753 2048 tremendus
768 1979 1096 2062 incomprehensibilis

274 2059 377 2126 llnius
394 2063 517 2126 meritis
532 2063 661 2128 loannis
677 2065 762 2129 adsit
776 2063 954 2142 exorabilis,

272 2144 315 2206 Et
330 2152 460 2225 peecata
476 2145 565 2210 nobis
580 2153 695 2213 cuncta
709 2148 802 2214 tollat
816 2147 996 2214 ineffabilis.

205 2221 252 2288 ll.
273 2227 322 2291 Sit
337 2229 406 2292 laus
423 2229 510 2292 Patri
528 2230 670 2312 Filioque
684 2239 781 2314 atque
796 2237 906 2298 saneto
922 2231 1098 2308 Pneumati

273 2311 333 2387 Qui
349 2313 500 2398 Ioannem
517 2313 743 2380 Pulsanensem
758 2317 881 2396 magnis
896 2315 981 2381 vitae
996 2317 1118 2382 meritis

271 2395 442 2460 Decoravit
457 2403 490 2462 et
505 2399 643 2464 aeternis
658 2401 852 2482 mancipavit
868 2400 1027 2483 praemiis.
1056 2401 1166 2463 Amen.

276 2503 369 2558 Text.
407 2506 479 2560 Acta
498 2507 660 2562 Sonctorum
679 2509 739 2562 Iun.
759 2509 836 2563 Tem.
846 2509 894 2564 IV.
914 2525 940 2577 p.
949 2509 996 2563 58:
1016 2508 1076 2576 „Ex
1094 2507 1172 2562 lidiae.
1188 2507 1312 2561 Albiensi
1332 2507 1434 2578 (Atbp)
1453 2524 1503 2563 ms.

204 2575 272 2630 Bibl.
293 2575 476 2633 vaticanae.“
495 2608 528 2616 -
548 2579 649 2634 Daniel
667 2579 703 2648 Il,
725 2581 776 2635 154
794 2581 843 2635 leat
863 2581 970 2636 darnae
989 2580 1034 2634 die
1053 2583 1070 2633 3
1088 2584 1182 2634 ersten
1199 2577 1303 2632 Zeilen.

599 2859 670 2920 614.
713 2855 766 2921 De
791 2875 816 2921 s.
839 2855 929 2921 Iusto
950 2861 1101 2938 martyre.

200 2966 297 3032 (Siurb
316 2967 387 3020 nocb
405 2968 468 3021 aebr
482 2967 555 3040 p'rnrp
574 2969 627 3024 dero
645 2971 843 3044 Martyrertod
866 2989 903 3027 aa
924 2971 1032 3026 Albula
1055 2972 1088 3026 de
1110 2969 1239 3025 Honores
1263 2971 1295 3024 ia
1312 2969 1438 3039 Sponden
1463 2969 1503 3022 r'rn

658 3041 686 3097 J.
705 3047 767 3112 304,
786 3044 895 3099 nerebrt
912 3047 938 3097 8.
957 3043 1043 3113 Aug)

203 3166 229 3225 1.
256 3159 282 3224 Ο
299 3157 369 3224 fons
385 3159 488 3226 almae
503 3163 667 3244 bonitatis,
931 3163 1053 3246 Sponte
1068 3161 1157 3227 subit
1171 3160 1332 3225 cruciatus

256 3243 395 3309 Nostrae
410 3263 470 3309 vox
487 3245 677 3314 humilitatis
931 3247 1037 3313 Morte
1051 3246 1126 3311 Iesu
1140 3245 1291 3310 incitatus

256 3327 383 3392 Laudes
397 3329 456 3394 tibi
472 3330 635 3412 deputatis
931 3331 1036 3412 Digne
1051 3331 1160 3395 Iustus
1175 3329 1248 3393 hine
1263 3331 1395 3424 vocatus

257 3411 368 3477 Solvet
382 3431 402 3475 a
417 3415 627 3494 praecordiis:
931 3416 974 3481 Et
989 3421 1055 3479 tam
1070 3432 1105 3478 re
1120 3431 1215 3495 quom
1231 3429 1365 3477 nomrne.

257 3495 367 3562 Nostri
384 3497 480 3564 decus
497 3501 537 3564 ob
554 3497 691 3580 patroni,

256 3579 317 3656 Qui
333 3580 453 3646 virtute
467 3584 515 3646 tui
531 3582 606 3646 doni
877 3589 905 3649 3.
931 3582 1031 3648 Nobis
1047 3583 1114 3646 eiua
1130 3582 1170 3646 ob
1186 3597 1315 3645 oramen

256 3663 332 3727 Veri
349 3665 434 3728 lator
447 3665 509 3729 luit
525 3666 598 3730 boni
931 3666 1035 3730 Tuum
1050 3664 1106 3746 fer,
1124 3665 1260 3742 Christe,
1275 3665 1432 3742 levamen,

255 3749 328 3812 Suis
345 3767 365 3812 a
380 3749 569 3830 primordiis.
930 3749 974 3814 Es
989 3756 1101 3814 auctor
1116 3756 1149 3815 et
1164 3748 1317 3844 nominis:

200 3839 228 3895 2.
255 3835 355 3896 Actus
370 3835 470 3913 gessit
486 3835 539 3914 qui
555 3833 670 3899 seniles
931 3831 977 3898 Ut
992 3835 1032 3900 ab
1049 3834 1150 3899 bostis
1166 3833 1240 3898 mali
1255 3831 1329 3930 teba

253 3915 342 3980 Inter
356 3935 456 3982 annos
471 3918 608 3999 pueriles
931 3918 1092 3983 Eruamur
1107 3921 1139 3982 et
1154 3917 1186 3981 in
1202 3916 1297 3981 eoelrs
1320 3997 1326 4010 .

255 3999 338 4066 Vere
352 4005 427 4067 tuus
442 4003 492 4067 hic
508 4001 670 4067 commiles
931 4002 1049 4067 Tecum
1065 4021 1121 4067 nos
1137 4001 1251 4067 laetari
1268 3999 1346 4096 vebs

255 4081 377 4166 Regum
393 4105 448 4152 rex
463 4093 495 4152 et
509 4087 651 4151 domine:
930 4087 1065 4151 Demnm
1080 4091 1173 4168 pater
1186 4085 1326 4150 lumime.

271 4207 296 4245 a.
316 4191 410 4249 Text.
446 4193 483 4248 Η.
503 4195 593 4250 Morel
611 4195 661 4249 bat
679 4195 735 4248 mir
754 4193 829 4248 dicae
838 4191 963 4261 Sequens
974 4193 1186 4264 abpecebrieben
1205 4185 1497 4248 aemularemur.

200 4277 271 4318 saec.
290 4264 364 4318 XVI.

272 4349 298 4404 b.
317 4347 501 4406 Leaarten.
539 4355 564 4420 3,
583 4355 609 4408 3.
628 4353 746 4408 nominis
766 4352 834 4407 oder
852 4353 981 4420 numinis,
1000 4351 1105 4407 scbwer
1124 4366 1160 4404 aa
1178 4349 1259 4405 lesen.

755 4559 912 4568 ...----.
921 4561 936 4566 .-
