3234 5246
700 265 740 279 -
783 231 931 302 434-

192 414 220 478 3.
241 412 293 478 Nil
309 412 395 478 ultra
404 415 523 561 (plotone
538 417 657 478 natura

241 497 402 563 Transcen
427 495 452 562 ‘t
466 496 595 563 creandi
609 496 682 561 iura

241 581 352 646 Talem
367 597 480 646 creans
496 597 647 662 puerum:

241 665 342 730 Aetas
356 666 390 730 in
404 679 468 746 quo
485 670 599 730 tenera

242 747 307 814 Vili
322 747 434 830 pendit
448 747 569 814 scelera

243 832 495 914 contemplatrix
513 849 655 915 operum.

193 916 223 976 l.
242 915 363 982 Mundo
377 916 508 997 placens
527 916 715 983 adolescens

244 1000 319 1066 Flos
333 1000 488 1066 drtutum
503 998 640 1065 fructum
656 1017 799 1068 crescens

242 1082 341 1151 Dedit
377 1083 583 1166 hilosopbicis

244 1103 429 1250 Discipssnis
444 1185 583 1250 operam,

242 1252 310 1318 Nec
323 1269 414 1318 mens
428 1253 495 1334 egit
530 1271 673 1334 erpcram

244 1335 374 1402 lmbuta
387 1354 461 1417 mag
486 1337 493 1350 '
518 1335 573 1404 cis.

196 1419 225 1480 5.
244 1419 314 1486 Lux
328 1419 483 1486 honestae
496 1419 674 1501 charitatis,

247 1504 339 1570 Sedis
354 1522 481 1586 gemma
494 1507 673 1572 sanctitatis

244 1587 342 1653 Addit
355 1587 531 1670 pontificio:

244 1671 316 1737 Non
330 1672 494 1752 remissus,
509 1689 574 1738 non
589 1673 693 1738 elatus

244 1753 364 1822 Dcilice
378 1755 582 1838 praesulatus

245 1839 392 1906 Procedit
406 1837 516 1905 officio.

198 1921 226 1986 6.
247 1923 318 1989 Non
332 1928 408 1990 sunt
418 1923 547 2005 linguae
558 1927 624 1992 tam
636 1925 800 2008 facundae,

244 2005 332 2083 Quae
347 2007 573 2090 depromerent
589 2009 717 2076 abunde

242 2091 320 2157 Eius
337 2089 500 2157 beneficia.

242 2174 324 2240 Nam
341 2224 347 2239 .
366 2223 372 2238 .
390 2224 397 2240 .
413 2178 603 2256 quantorum

244 2257 294 2323 Sit
308 2259 420 2324 crebra
435 2259 661 2324 miraculorum

242 2340 416 2408 Declarant
430 2341 556 2408 indicia.

196 2420 224 2488 7.
245 2425 345 2492 Annis
383 2431 530 2507 ostquam
545 2425 758 2510 quadragenis

242 2509 343 2574 Praes
391 2511 471 2575 ririt
485 2515 518 2576 et
531 2511 662 2576 novenis

243 2591 324 2658 Urbi
339 2591 578 2672 cenomanicae,

243 2679 270 2742 A
285 2674 426 2743 Martino
439 2677 587 2744 viscosus

242 2759 301 2826 Est
315 2760 465 2828 humatus
479 2765 663 2828 aeternatus

243 2843 450 2911 Hierarchiae
465 2847 612 2912 coelicae.

194 2920 224 2994 8.
244 2927 271 2992 Ο
286 2928 444 3010 pontilicis
459 2929 589 2996 beatum

243 3009 340 3078 Cuius
355 3028 471 3094 corpus
490 3013 647 3078 elevatum

242 3094 290 3160 De
304 3095 429 3161 recluso
444 3097 567 3162 tumulo

241 3177 365 3244 Passim
381 3177 530 3247 diffundit
544 3179 674 3246 odorem

241 3263 402 3330 Aromatis
419 3265 597 3330 suaviorem

241 3345 452 3414 Circumiulso
469 3349 596 3432 populo.

241 3470 266 3509 1.
284 3453 380 3512 Text.
415 3457 495 3514 llius.
513 3456 640 3528 Mogunt.
660 3459 737 3512 1517.

865 419 894 480 9.
912 413 996 481 Hinc
1008 414 1161 481 locandus
1177 415 1253 480 dum
1269 419 1427 498 portatur,

914 499 1148 565 Daemoniacus
1164 503 1303 580 curatur,

912 583 1029 649 Mulier
1043 583 1193 665 erigitur:

912 667 1084 733 Incurvata
1098 686 1154 750 per
1170 672 1319 733 naturam

914 751 1037 818 Surdus
1050 755 1147 832 atque
1161 756 1270 818 mutus
1285 769 1392 818 curam

914 835 998 901 Puer
1012 835 1209 917 adipiscitur.

846 1044 896 1106 10.
914 1037 1013 1119 Virgo
1030 1037 1132 1104 tribus
1147 1037 1259 1118 poenis
1274 1037 1359 1118 data,

914 1122 975 1186 Per
992 1121 1192 1188 daemonium
1206 1126 1330 1199 vexata,

915 1205 1029 1284 Surda,
1044 1211 1143 1284 muta,
1160 1209 1345 1280 1010111111,

917 1289 1045 1355 Gaudet
1061 1335 1069 1350 .
1085 1340 1092 1354 .
1109 1289 1282 1355 doloribus

915 1373 998 1440 Ecce
1012 1373 1120 1438 lumen
1135 1373 1298 1438 oculorum

914 1456 1019 1522 Sumit
1034 1474 1141 1522 curam
1157 1455 1379 1538 languidorum

915 1541 1061 1622 Quinque
1074 1541 1185 1606 multis
1200 1537 1388 1606 afflictorum

916 1625 1056 1709 Corpora
1070 1624 1289 1706 languoribus.

849 1826 896 1886 ll.
916 1818 1048 1884 Praeter
1063 1821 1113 1882 tot
1127 1821 1161 1881 ct
1174 1813 1382 1898 plurimorum
1422 1885 1433 1899 ‚

915 1903 1050 1969 Ostenta
1064 1899 1290 1966 miraculorum

915 1983 1124 2068 Temporibus
1139 1984 1363 2049 modernorum

915 2071 1023 2151 Signis
1037 2067 1239 2134 evidentibus

915 2153 1025 2220 (lieret
1038 2171 1096 2234 per
1110 2153 1294 2218 morborum
1310 2170 1413 2232 curas,

915 2237 1030 2303 Aufert
1044 2235 1158 2302 calculi
1176 2239 1320 2300 torturas

914 2321 1095 2386 Inlortunia
1110 2336 1279 2400 pressuras

914 2403 983 2472 Sibi
998 2423 1031 2470 se
1045 2402 1243 2472 voventibus.

848 2600 895 2662 12.
915 2595 1030 2661 Sancte
1045 2596 1155 2662 libori
1169 2601 1207 2660 11
1220 2597 1357 2675 patrone

915 2679 1073 2746 Salutaris
1088 2678 1150 2744 dds
1165 2679 1247 2744 bone

915 2764 973 2830 Sta
988 2783 1046 2846 pro
1061 2771 1117 2829 tua
1132 2763 1289 2841 cautione,

915 2847 980 2913 Nos
995 2849 1027 2912 in
1042 2847 1181 2928 gratiam
1196 2845 1338 2928 dispone,

914 2931 1012 2997 Cassa
1026 2947 1169 3012 quaeque
1183 2931 1291 2995 noxia:

914 3015 1062 3080 Hostium
1077 3015 1156 3080 seda
1170 3029 1253 3079 nunc
1271 3011 1405 3090 iurares,

913 3098 1089 3180 Corporum
1104 3117 1184 3164 sana
1198 3098 1377 3178 languores

913 3181 1087 3247 Animabus
1103 3181 1144 3248 da
1158 3179 1301 3258 minores
1378 3229 1390 3258 4

911 3265 1011 3331 Posce
1025 3266 1135 3331 mundi
1150 3271 1224 3348 post
1238 3279 1399 3329 moerores

911 3349 999 3415 Goeli
1014 3350 1106 3416 nobis
1121 3348 1248 3432 gaudia.

240 3541 467 3600 1110111101.
504 3548 528 3614 6,
548 3549 573 3599 4.
592 3545 653 3600 bier
667 3545 740 3614 fetat
757 3545 803 3599 eiu
825 3543 913 3602 Wart.
932 3577 966 3588 -
987 3552 1028 3618 10,
1046 3550 1071 3604 4.
1090 3547 1152 3602 bier
1164 3545 1240 3616 seblt
1258 3544 1304 3599 ein
1326 3539 1414 3598 Wart.
1432 3568 1467 3580 -

172 3615 214 3683 10,
232 3617 257 3668 7.
277 3613 384 3684 Quique
402 3615 453 3672 bal
471 3617 521 3672 der
538 3615 617 3671 Text.

721 3835 918 3846 .-.-.-—----

540 4035 610 4098 639.
653 4027 705 4098 De
726 4051 752 4096 1.
773 4031 921 4114 Ludpero
944 4031 1096 4114 cpbcopo.

168 4146 247 4216 (Geb.
266 4147 321 4217 auf
336 4147 397 4202 dem
416 4143 489 4202 Gale
510 4146 620 4204 Wiram
639 4148 683 4203 bet
700 4145 830 4204 Dacicum
847 4149 879 4203 ia
897 4149 947 4202 dar
969 4145 1093 4202 bolland.
1111 4143 1239 4200 Prusias
1256 4142 1412 4200 Friealaad
1429 4147 1470 4200 im

168 4217 196 4273 J.
214 4221 276 4285 746,
295 4222 363 4289 past.
382 4219 489 4274 11121.
508 4218 667 4276 11111809
686 4219 730 4276 als
747 4217 872 4290 Bisaltas
885 4235 940 4275 voa
959 4217 1099 4285 Manctcr,
1118 4215 1229 4272 ocrebrt
1247 4233 1293 4272 am
1305 4213 1469 4286 1111111).

171 4336 198 4394 l.
224 4329 346 4411 Inclyta
383 4331 535 4397 saliemus

224 4414 342 4480 Omnes
356 4348 383 4480 111

167 4504 196 4565 2.
223 4496 325 4576 Quem
339 4503 483 4565 sanctum
499 4504 532 4565 et
547 4497 719 4582 benignum

226 4581 319 4648 claro
335 4583 474 4649 carmine
489 4583 621 4664 dignum

384 4413 539 4496 odgerum
554 4421 755 4496 uenerantes,

895 4331 1028 4398 Devotis
1041 4327 1201 4395 mentibus
1215 4328 1407 4394 recolamus:

897 4416 979 4482 Nam
994 4413 1274 4496 praemonstrabat
1286 4413 1349 4478 rite

899 4497 1028 4565 Cunctis
1042 4497 1222 4580 exemplum
1236 4498 1323 4563 vitae

898 4583 1107 4666 Praelulgens
1122 4599 1219 4666 opere
1233 4587 1266 4647 et
1279 4597 1436 4647 sermone.
