3234 5246
707 285 937 349 -428-

178 468 206 533 5.
231 462 519 543 Istosoffertillos
535 462 656 546 profert
849 470 877 530 7.
903 461 1029 529 Cedunt
1043 463 1091 529 rei
1107 480 1232 530 sacrum
1247 461 1308 528 Do1

233 547 326 613 Miles
341 546 461 613 Christi
477 546 585 612 (licens
602 547 665 627 isti,
903 546 966 612 Sed
981 547 1102 613 maiore
1117 553 1232 630 parant
1247 546 1287 624 ci,

233 631 315 696 Sunt
329 631 469 697 thesauri
481 631 600 711 gratie:
904 629 1285 714 Gratisparaturferrea,

230 713 610 782 Monillnsaetoonlusa
903 714 1263 780 Torreturcarorosea.

232 799 452 881 Tyrannornm
468 803 501 862 et
514 799 687 880 pardorum
1039 841 1042 848 -

231 882 375 947 Tremuit
389 882 524 948 insania.
847 884 877 944 8.
904 879 1028 948 Soanda
1042 881 1377 961 cratemoLnnrenti,

177 969 206 1030 t.
232 965 315 1031 Huic
330 965 501 1043 minantur,
904 963 993 1042 Quae
1008 971 1058 1032 est
1072 967 1169 1032 home
1182 967 1234 1031 vel
1249 966 1404 1031 momenti

232 1049 325 1114 Hunc
340 1053 511 1132 precantur
904 1049 948 1114 Et
962 1049 1084 1115 confide
1100 1051 1140 1115 de
1155 1050 1301 1115 mercede

232 1132 632 1198 Excelsorumutdeomm
904 1132 1040 1198 Goelesti
1056 1135 1222 1215 etgloria:

233 1215 326 1282 Colat
341 1217 510 1282 sacrificia:
903 1217 968 1282 Ore
983 1217 1094 1298 Deum,
1111 1223 1147 1284 ut
1162 1216 1329 1282 tormentis

232 1301 275 1365 Et
289 1302 409 1366 nolenti
425 1300 593 1382 quicquam
608 1300 720 1363 horum
904 1300 1038 1367 Mundet
1053 1301 1165 1366 sordes
1179 1305 1310 1365 nostrae
1328 1298 1461 1377 mentia,

232 1386 332 1451 Omne
346 1403 446 1466 genus
461 1388 692 1450 tormentorum
903 1384 945 1448 Et
960 1403 1017 1450 nos
1034 1389 1124 1466 tegat
1140 1390 1237 1466 atque
1253 1389 1344 1465 regat

232 1469 342 1534 Parari
356 1469 444 1534 iubet
457 1469 575 1549 impius
902 1467 1278 1549 Dansaeternegaudia.

231 1553 379 1618 Athletae
394 1551 512 1617 Christi
527 1551 652 1616 Decius
902 1553 1003 1617 Amen
1018 1552 1126 1618 dicant
1140 1552 1254 1619 omnia.

247 1657 343 1714 Text.
378 1660 458 1715 Miss.
477 1659 555 1714 fratr.
575 1659 664 1714 Paris.
684 1659 761 1713 1520.

639 1933 709 1994 628.
752 1929 803 1996 Dc
823 1948 849 1994 c.
871 1929 1020 1995 chuirco

176 2045 248 2114 (Eia
266 2045 440 2117 Ermlooder,
460 2043 666 2100 Glaucenscote
684 2045 728 2098 bei
746 2045 799 2100 dea
817 2043 938 2100 Frieecn
955 2046 1015 2102 und
1031 2043 1163 2113 aurocen,
1181 2043 1481 2115 qest.12.·Noo.773.)

199 2157 227 2214 1.
247 2150 390 2217 Lebuine
405 2150 621 2216 confessorum
869 2154 898 2214 6.
916 2151 1079 2217 Lebuinus
1094 2151 1143 2216 vir
1157 2155 1316 2228 censatos,

247 2233 449 2300 Praecellens
463 2233 521 2298 flos
535 2233 589 2314 qui
603 2232 748 2315 polorum
916 2232 1060 2300 Prudens
1076 2233 1162 2299 mitis
1178 2239 1211 2299 et
1225 2235 1340 2300 beatus

245 2319 358 2399 Regna
373 2317 500 2383 scandis
515 2317 633 2382 ardua:
918 2317 1271 2398 Signalecitplurima:

244 2403 405 2482 Linquens
422 2402 531 2467 orbem
545 2401 723 2466 validorum
916 2401 1096 2466 Diffitentes
1112 2402 1285 2484 superavit,

247 2484 310 2549 (lor
324 2485 452 2567 plenum
466 2484 604 2565 portasti
619 2502 742 2548 morum
917 2485 1059 2562 Quorum
1073 2490 1196 2550 mentes
1210 2483 1405 2566 permutavit

244 2568 291 2634 Tu
308 2569 421 2650 pandis
439 2567 600 2635 miracula.
917 2569 979 2634 Per
992 2569 1092 2634 verba
1107 2568 1258 2634 salubria.

197 2655 225 2718 2.
245 2652 372 2718 Domini
387 2669 480 2717 voces
496 2652 615 2718 audisti
870 2655 898 2722 7.
916 2652 1018 2733 Saepe
1032 2653 1147 2718 turbae
1163 2653 1387 2728 convenerunt,

245 2737 359 2801 Transi
373 2755 471 2816 mare,
487 2737 575 2818 leges
591 2735 709 2801 Christi
917 2736 1075 2802 Generale
1088 2735 1164 2800 dum
1179 2733 1323 2802 fecerunt

244 2819 577 2886 ReseraSaxonibns:
916 2821 1040 2885 Pariter
1056 2817 1232 2884 consilium.

243 2903 622 2985 Almepatersiolecisti
917 2904 985 2969 Illic
999 2905 1165 3000 presbyter
1179 2903 1369 2997 transivit„

243 2988 372 3054 Iussum
387 2987 533 3053 Treiecto
548 2986 650 3052 tulisti
915 2987 1009 3052 Hunc
1023 2987 1201 3067 laesissent,
1216 2986 1272 3052 sed
1286 2986 1387 3052 obivit

244 3071 352 3137 Verba
366 3072 441 3136 dum
456 3071 639 3152 Gregorius.
916 3071 1297 3158 Reliquitquepopnlnm.

197 3157 226 3222 3.
243 3154 375 3220 Praesul
390 3155 478 3221 novit
490 3155 667 3221 chuinum
867 3159 897 3218 8.
917 3153 1058 3220 Tandem
1072 3155 1204 3220 illaesus
1219 3154 1346 3234 meavit,

244 3239 379 3304 Servum
394 3238 511 3304 direxit
526 3238 666 3304 divinum
916 3237 1060 3319 Namque
1072 3256 1129 3303 ren
1142 3239 1247 3322 ipsum
1262 3237 1399 3303 salvavit

245 3323 317 3388 Huc
331 3328 401 3389 toto
416 3323 599 3388 conamine:
917 3321 1180 3387 (lordisnoscens
1196 3321 1338 3388 condito:

243 3407 385 3487 Populus
401 3405 711 3472 oisYllamoredens
917 3405 988 3471 Fiet
1002 3405 1131 3485 quaevis
1146 3423 1220 3471 caro
1236 3405 1327 3486 cinis,

243 3491 366 3556 Deitati
381 3508 454 3554 mox
468 3491 622 3557 accedens
916 3489 1000 3556 Viva
1012 3489 1099 3554 venit
1113 3490 1176 3554 cito
1189 3488 1272 3568 linis,

244 3573 350 3641 Servit
364 3592 521 3656 personae
535 3575 650 3639 trinae.
915 3573 964 3636 De
980 3571 1064 3637 dulci
1079 3573 1197 3654 migrat
1212 3573 1287 3638 vita.

195 3654 225 3726 4.
244 3657 383 3724 Numine
398 3659 549 3740 templum
563 3656 726 3737 fundatur,
869 3653 898 3719 9.
917 3656 1037 3721 Christi
1051 3657 1178 3722 nomine
1193 3653 1342 3721 formavit

243 3741 336 3819 Quod
350 3742 476 3824 Wilpen
492 3741 718 3822 commitatur,
917 3739 1089 3806 Oreculum
1103 3740 1194 3822 plebe
1209 3758 1271 3821 qno
1285 3737 1404 3806 locavit

244 3827 336 3892 Fecit
349 3825 409 3890 hoc
424 3843 501 3907 gens
517 3824 663 3890 credula:
916 3821 1020 3888 Valde
1035 3841 1150 3906 corpus
1166 3824 1286 3889 nobile:

244 3913 382 3979 Sanctus
397 3909 529 3976 vitiosos
543 3908 686 3987 mundat
918 3906 1267 3974 ConlessorisLebuini

244 3995 421 4076 Baptisatis
436 3993 646 4076 praemissum
661 3993 726 4072 dat,
917 3991 983 4056 Nos
999 3991 1156 4058 conducat
1168 3997 1256 4058 recto
1270 3991 1326 4056 fini

246 4077 539 4160 Olnitdyagratia.
918 4076 987 4141 Rex
1000 4075 1114 4158 plenus
1129 4075 1305 4141 dulcedine.

197 4151 226 4226 5.
245 4161 317 4226 Huc
331 4162 446 4226 transit
460 4159 621 4227 confessor
636 4163 757 4242 gratus,
850 4150 898 4224 10.
916 4159 1033 4227 Preces
1048 4157 1146 4225 iundo
1160 4159 1281 4225 cunctis
1296 4158 1384 4223 horis

245 4243 356 4309 Patria
370 4244 489 4325 gaudet
504 4251 649 4324 venatus,
918 4241 1072 4309 Genitrici
1087 4242 1266 4326 salvatoris,

244 4327 625 4409 Davcntrcncreditpia:
918 4325 1011 4404 Quod
1025 4345 1144 4408 poenas
1160 4327 1297 4408 sumpsit
1312 4327 1426 4391 duras:

244 4412 436 4477 Plasmatori
451 4417 658 4492 terrenorum,
857 4443 860 4452 ·
918 4408 1058 4476 Crimina
1071 4411 1157 4492 quod
1171 4413 1266 4478 tollat
1279 4428 1374 4476 verus

245 4495 306 4572 Qui
321 4495 408 4562 iusta
422 4514 481 4562 sua
500 4496 659 4561 coelorum
918 4492 1096 4560 Plcsmator
1109 4495 1236 4562 validus
1251 4495 1347 4562 herus

245 4579 629 4662 Datpraeclaragaudia.
918 4577 1331 4663 Disponatmentespnras.

247 4679 341 4740 Text.
377 4681 440 4752 Seq.
458 4683 527 4740 Dar.
547 4681 625 4738 1495.
645 4710 678 4722 -
696 4677 799 4735 Daniel
816 4677 851 4749 ll,
870 4680 924 4734 220
942 4679 992 4738 liat
1010 4679 1056 4736 clia
1073 4683 1099 4736 1.
1117 4679 1239 4751 scopon
1257 4697 1309 4738 cus
1328 4681 1408 4738 Torr.
