3190 5226
722 360 929 425 ..40-

576 541 626 603 26.
670 537 713 603 Ia
740 544 850 604 octaua
877 539 1078 620 epiphaniae.

603 657 718 726 (Auctor
728 663 770 712 est
781 656 890 711 Notkar
899 654 1052 722 Balbulus.)

201 785 228 849 1.
250 777 344 843 Hunc
366 775 450 840 diem
471 775 611 841 celebret
631 777 733 842 omnis
754 775 891 841 muudus
913 777 953 841 ob
973 775 1126 839 honorem
1142 772 1269 838 Domini
1284 779 1379 854 atque
1394 772 1484 855 plas-

328 862 459 926 matoris
474 861 624 940 omnium,

199 951 228 1013 2.
252 945 313 1025 Qui
335 946 395 1010 hoc
415 943 534 1010 festum
556 945 653 1009 variis
673 945 850 1026 insignibus
872 943 1015 1011 decorari
1029 941 1138 1024 voluit,
1161 943 1246 1024 quod
1260 941 1379 1024 triplici
1395 960 1484 1007 com-

351 1031 395 1094 sit
407 1033 584 1095 stemmate.

200 1121 228 1182 3.
251 1049 395 1182 Hocpdie
414 1133 434 1178 a
452 1114 554 1194 magis
576 1113 724 1179 visitatus
747 1119 804 1192 est,
825 1113 911 1178 trina
931 1113 979 1178 illi
993 1113 1048 1194 qui
1063 1110 1252 1177 munuscula
1266 1108 1307 1176 ad
1323 1109 1487 1175 cunabula

328 1201 471 1264 tulerant
485 1199 553 1262 lieo
569 1198 636 1280 regi
652 1205 748 1279 atque
763 1198 900 1263 mortali.

199 1291 229 1350 4.
252 1283 339 1361 Quos
354 1282 468 1348 dehinc
482 1283 672 1364 gentilitatis
688 1283 823 1365 populus
839 1287 1016 1361 secuturus,
1032 1280 1143 1346 eadem
1158 1280 1241 1346 dona
1256 1278 1483 1346 devotissimae

327 1367 402 1432 fidei
416 1369 604 1448 signabatur
618 1366 744 1431 Christo
759 1367 893 1431 laturus.

200 1457 229 1518 5.
251 1451 294 1516 Et
308 1453 415 1517 viuum
431 1450 525 1516 hodie
540 1469 579 1514 ex
594 1470 677 1533 aqua
692 1450 890 1533 omnipotens
904 1468 1017 1515 manus
1032 1449 1064 1514 in
1079 1449 1199 1533 nuptiis
1210 1447 1323 1528 effecit,
1335 1447 1483 1512 hilarans

329 1536 473 1600 convivia
488 1541 593 1600 musto
607 1537 726 1600 innato.

200 1629 229 1690 6.
252 1619 305 1685 Sic
326 1625 399 1684 anto
421 1619 507 1684 illius
529 1619 700 1684 adventum
722 1619 831 1686 littera
849 1620 961 1700 legalis
977 1621 1070 1701 quasi
1084 1637 1167 1700 aqua
1181 1622 1321 1702 potatur,
1347 1617 1482 1681 nuncin

328 1706 434 1768 viuum
451 1705 586 1768 vertitur
602 1703 729 1770 Christo
747 1705 887 1769 conviva.

200 1794 230 1854 7.
252 1788 459 1870 Baptismatis
474 1788 570 1853 hodie
583 1789 685 1854 undas
700 1789 833 1853 intravit
846 1807 909 1852 non
922 1805 1019 1868 egens
1032 1786 1261 1869 purificatione,
1285 1785 1342 1851 sed
1363 1789 1400 1850 ut
1423 1803 1483 1850 no-

330 1873 379 1938 bis
394 1871 539 1938 lavandis
555 1890 707 1954 aquarum
723 1871 842 1938 fluenta
857 1879 1008 1938 sacraret.

199 1962 228 2026 8.
250 1957 322 2023 Nou
345 1957 521 2038 dedignans
543 1957 704 2022 inferioris
719 1974 874 2038 personae
889 1958 948 2022 suh
963 1975 1060 2020 manu
1075 1955 1242 2038 baptizari,
1262 1961 1298 2020 ut
1312 1953 1404 2020 nobis
1420 1953 1484 2018 hoc

329 2058 453 2122 quoque
467 2042 662 2122 prospiceret
676 2039 717 2104 ad
732 2041 942 2105 humilitatem
958 2039 1150 2106 sectandam.

201 2129 230 2190 9.
253 2124 360 2190 Patris
379 2143 439 2188 vor
458 2131 531 2204 post
550 2123 711 2188 lavacrum
734 2123 896 2188 Christum
918 2125 1042 2205 omissa,
1065 2123 1151 2189 clare
1165 2123 1314 2188 audiente
1329 2121 1483 2205 baptista

330 2209 391 2272 sibi
407 2207 559 2288 placitum
574 2209 756 2272 testabatur
770 2206 879 2272 filiurn.

183 2297 231 2361 10.
254 2290 391 2374 Spiritus
406 2293 439 2354 in
454 2291 618 2355 columbae
632 2290 734 2356 forma
748 2309 914 2373 apparens,
931 2291 1021 2356 illum
1036 2295 1237 2359 mansuetum
1251 2291 1426 2374 praedicat,
1451 2295 1486 2354 et

331 2375 417 2457 pium
433 2381 530 2456 atque
545 2383 705 2439 carentem
721 2377 805 2440 omni
821 2377 894 2442 dolo
909 2376 1038 2441 indicat.

182 2464 230 2526 11.
253 2459 302 2524 Ex
316 2458 377 2524 hoc
390 2475 515 2540 quoque
529 2458 683 2536 novimus,
700 2459 783 2540 quod
798 2478 857 2542 per
872 2461 1066 2544 baptismum
1077 2461 1146 2526 Deo
1160 2462 1194 2526 in
1206 2460 1373 2542 adoptivos
1388 2465 1485 2524 natos

329 2545 483 2608 sumimur
497 2548 593 2624 atque
608 2561 766 2608 vocamur.

181 2632 230 2693 12.
252 2627 336 2693 Hinc
350 2645 407 2692 nos
422 2627 524 2710 patris
540 2633 573 2692 et
587 2629 655 2692 nati
669 2629 878 2710 supervolitet
890 2629 973 2695 lotos
985 2628 1129 2712 exemplo
1141 2627 1202 2694 Dei
1216 2645 1339 2694 necnon
1352 2631 1485 2692 renatos

333 2710 470 2793 Spiritus
486 2717 616 2777 sanctus
631 2712 761 2795 spiritus

181 2801 229 2862 13.
252 2794 344 2874 Quod
370 2797 438 2876 ipse
466 2793 572 2876 iaciat,
600 2798 654 2876 qui
675 2803 775 2862 semet
796 2797 934 2864 hostiam
960 2795 1079 2863 obtulit
1103 2795 1172 2862 Deo
1196 2795 1281 2878 patri
1306 2813 1365 2878 pro
1389 2793 1485 2860 nobis

329 2887 433 2945 morte
447 2886 582 2945 mortem
598 2879 737 2959 diruens.

180 2969 229 3030 14.
251 2964 295 3029 Et
310 2965 350 3029 ab
365 2963 500 3029 inimicis
515 2964 633 3029 amicos
648 2963 776 3045 iaciens,
799 2965 942 3030 coetibus
965 2965 1112 3048 supernis
1133 2981 1193 3029 nos
1213 2969 1345 3047 pacatos
1360 2967 1393 3028 et
1407 2979 1485 3028 con-

328 3047 440 3113 cordes
454 3049 611 3128 iunxerat,

178 3135 226 3197 15.
249 3131 340 3197 Iesus
356 3130 510 3213 Christus,
526 3132 711 3214 redemptor
725 3134 835 3198 noster
849 3138 883 3198 et
897 3132 1027 3215 plastes.

238 3252 272 3294 ‘a
292 3237 384 3295 Tea-t.
421 3239 512 3294 Morel
530 3239 582 3295 No.
597 3243 640 3296 24.
661 3239 687 3294 S.
699 3243 741 3295 13.
761 3257 828 3294 aaa:
847 3241 916 3311 „Ha
934 3259 972 3296 aa
989 3242 1155 3296 Eiasicdcla
1173 3245 1234 3296 121.
1255 3243 1303 3296 des
1321 3244 1365 3295 10.
1378 3237 1481 3294 Jahrb.

174 3309 204 3366 S.
222 3314 275 3364 544
293 3311 346 3366 mit
364 3309 488 3366 Melodie
506 3312 579 3382 (Al.“
598 3337 632 3352 -
652 3311 731 3368 Miss.
750 3312 835 3368 Basil.
856 3315 907 3367 150
925 3313 976 3386 (Β).
997 3344 1031 3353 -
1050 3312 1108 3368 Die
1117 3313 1242 3382 Sequens
1260 3313 1335 3369 steht
1353 3311 1482 3367 oachim

175 3381 240 3440 God.
260 3384 287 3439 S.
306 3383 378 3438 Gall.
397 3385 450 3438 646
475 3383 630 3455 (Brander).

245 3472 272 3526 b.
290 3471 478 3528 Lesartca.
517 3475 540 3528 1.
560 3473 648 3529 omnis
667 3471 786 3542 populus
806 3512 812 3525 .
830 3511 836 3525 .
856 3472 954 3541 plasm.
973 3471 1114 3528 hominum
1132 3472 1242 3526 B.-2.
1263 3478 1384 3528 scemate
1401 3472 1433 3526 B.
1447 3501 1481 3513 ·-

175 3543 201 3598 d.
221 3559 277 3597 nou
295 3551 361 3598 nato
380 3544 412 3598 B.
431 3572 465 3584 -
485 3546 526 3598 lo.
547 3544 667 3613 atpium
679 3544 754 3614 sebit
773 3544 817 3597 bei
834 3543 906 3598 Mor.
935 3573 969 3585 -
999 3549 1039 3598 11.
1059 3561 1121 3599 nov.
1142 3544 1190 3612 qui
1208 3544 1240 3599 B.
1261 3573 1292 3586 -
1323 3549 1363 3600 12.
1384 3559 1482 3613 supar-

174 3613 543 3756 {ilitgtgbsotsgerghsssti
561 3631 668 3671 necnon
688 3617 753 3686 spir.
774 3621 861 3671 sanct.
881 3616 913 3670 B.
924 3645 958 3657 -
971 3617 1012 3670 13.
1031 3617 1152 3672 Mortem
1167 3623 1256 3672 morta
1275 3615 1384 3673 diluens
1402 3616 1482 3670 B.-

248 3789 270 3828 c.
288 3772 444 3829 Bemcrh.
480 3773 547 3844 „Va
566 3779 592 3828 1.
610 3775 637 3828 2.
656 3777 681 3828 9.
700 3777 743 3827 10.
763 3777 806 3827 12.
825 3777 868 3828 13.
888 3777 923 3828 14
952 3774 1042 3830 habea
1063 3775 1311 3847 decernebamus,
1330 3779 1356 3831 3.
1372 3777 1397 3830 4.
1413 3778 1439 3830 5.
1454 3778 1480 3830 6.

175 3845 201 3899 7.
219 3847 246 3900 8.
264 3847 308 3900 11.
326 3849 362 3901 15
390 3847 435 3901 dic
453 3846 623 3918 dactylischc
641 3843 757 3899 Form.“
792 3845 914 3902 Bartsch
931 3845 960 3902 S.
979 3850 1023 3902 91.

578 4157 628 4223 27.
671 4151 726 4218 Dc
745 4151 922 4236 epiphanio
943 4152 1086 4220 Domini.

201 4287 229 4350 1.
251 4279 465 4367 Epiphaniam
480 4283 600 4352 domini
613 4305 765 4353 canamus
779 4287 962 4371 gloriosam,

198 4371 230 4433 2.
252 4367 323 4444 Qua
337 4369 458 4451 prolem
472 4368 533 4434 Dei
547 4387 621 4435 vere
634 4372 719 4452 magi
735 4371 881 4452 adorant,

200 4456 229 4517 3.
251 4451 442 4518 Immensam
457 4453 608 4519 Chaldaei
623 4455 712 4520 cuius
727 4455 907 4538 Persaeque
920 4461 1113 4523 venerantur
1127 4457 1313 4539 potentiam.

199 4541 230 4602 4.
253 4534 354 4612 Quem
369 4539 473 4604 cuncti
488 4537 662 4621 prophetae
676 4545 845 4604 venturum
861 4542 1047 4620 praecinere
1061 4547 1174 4624 gentes
1189 4543 1231 4608 ad
1246 4541 1422 4608 salvandas.

201 4623 231 4686 5.
254 4618 352 4686 Cuius
366 4623 517 4689 maiestas
531 4622 578 4688 ita
592 4629 643 4688 est
656 4623 818 4704 inclinata,
834 4629 871 4689 ut
885 4631 1064 4691 assumeret
1078 4627 1161 4692 servi
1176 4625 1320 4692 formam.

201 4707 230 4771 6.
252 4705 338 4772 Ante
352 4707 480 4774 saecula
494 4707 549 4790 qui
563 4707 650 4775 Deus
665 4713 698 4773 et
712 4713 858 4791 tempora
871 4707 965 4775 homo
980 4706 1084 4776 lactus
1099 4715 1150 4778 est
1167 4730 1206 4778 ex
1219 4709 1331 4778 Maria.
