3210 5230
610 303 839 372 -tta-

85 487 111 550 t.
134 485 275 552 Necnon
293 483 418 552 fervens
433 489 467 552 et
480 487 619 572 benigna
750 494 779 554 6.
805 489 894 556 Haec
907 490 1040 572 largiter
1053 488 1224 570 imbuebat

135 571 324 652 Patiensquc
337 573 371 635 et
384 569 529 638 modesta
805 575 1005 641 Infirmorum
1020 574 1153 641 liniebat

134 651 472 720 Existebatmoribus:
805 659 1173 726 Cicatricesvulnerum:

134 739 270 804 Assidua
285 755 322 802 ac
338 737 452 804 devota
803 743 971 823 Alimenta,
988 741 1182 808 monimenta

132 821 570 906 luitquoquesempertota
804 827 980 893 Animatus
995 833 1028 892 et
1042 826 1182 892 iomenta

132 905 391 973 lucrationibus.
805 911 999 994 Corporibus
1014 928 1200 992 pauperum.

82 990 108 1049 3.
134 989 210 1054 Viro
225 1007 360 1070 namque
376 988 508 1056 viduata
750 997 778 1054 7.
804 995 892 1061 Haec
906 999 957 1060 est
971 995 1027 1060 ilia
1042 993 1211 1059 benedicta

132 1073 219 1138 Vixit
233 1075 265 1138 in
281 1073 437 1140 viduitate
805 1079 912 1144 Vidua
927 1077 1119 1159 evangelica,

131 1158 231 1222 Annis
247 1158 384 1224 sedecim
399 1159 542 1223 circiter:
804 1163 906 1240 Quam
921 1161 1065 1227 laudavit
1078 1159 1236 1239 dominus,

132 1239 251 1307 Christi
265 1243 340 1322 iugo
354 1241 548 1324 manciparit
804 1245 894 1323 Quae
907 1246 979 1329 plus
996 1244 1141 1310 omnibus
1157 1243 1280 1310 imbuta

132 1325 207 1391 Sese
223 1327 323 1390 totam
339 1331 372 1391 et
385 1325 513 1391 vacavit
803 1331 876 1396 lluo
891 1328 1045 1395 mittendo
1060 1327 1184 1393 minuta

130 1409 197 1475 Deo
212 1427 335 1476 summo
349 1409 544 1492 simpliciter.
804 1414 840 1479 ln
856 1411 1126 1497 gazophylacium.

78 1491 105 1548 4·
131 1490 247 1559 Christi
264 1511 353 1559 amor
369 1493 559 1559 vulnerabat
749 1497 777 1558 8.
804 1497 875 1564 Duo
891 1503 966 1562 srrnt
981 1497 1103 1562 minuta
1117 1495 1174 1561 illa

130 1574 269 1643 Mentem
284 1577 361 1656 eius,
377 1596 450 1642 nam
464 1578 617 1658 portabat
803 1582 1002 1663 Augustinus
1018 1579 1200 1656 etMonica‚

131 1659 264 1726 Crucem
279 1663 347 1727 eins
363 1662 494 1744 iugiter:
804 1665 943 1748 Corpore
958 1671 991 1730 et
1009 1663 1131 1729 anima:

130 1743 193 1809 Sed
207 1749 242 1812 et
256 1743 375 1812 Christi
390 1745 572 1828 passionem
804 1749 893 1828 Quae
909 1747 1050 1830 suscepit
1065 1747 1136 1832 pius
1151 1746 1252 1824 Iesus,

130 1827 232 1896 Corde
249 1847 307 1894 sno
322 1835 354 1895 et
368 1847 502 1912 agonem
803 1833 864 1910 Qui
879 1837 928 1897 est
943 1833 1063 1898 sanctis
1080 1837 1182 1913 potus,
1199 1847 1273 1896 esus

128 1913 237 1979 Fixam
253 1913 375 1980 habens
389 1913 532 1978 firmiter.
710 1963 712 1968 ·
803 1917 839 1983 ln
855 1915 982 1981 coelesti
998 1915 1112 1998 patria.

79 1990 105 2048 5·
128 1996 215 2064 Haeo
229 1997 445 2080 augustinum
462 1999 632 2078 doctorem,
748 1995 777 2055 9-
803 2001 898 2066 Salve
913 2017 1037 2081 gemma
1052 1997 1230 2076 viduarum,

129 2079 292 2147 Ecclesiae
307 2087 452 2147 sanctum
467 2081 583 2159 lumen,
689 2101 698 2118 ·
802 2085 893 2150 More
908 2083 1034 2149 stillans
1049 2083 1204 2148 olivarum

129 2163 270 2230 Protulit
285 2163 535 2248 praefulgidum:
803 2168 915 2234 Oleum
930 2166 1183 2232 misericordiae:

129 2247 247 2316 Munus
263 2249 323 2314 hoc
337 2253 431 2331 pater
444 2248 598 2314 luminum
803 2251 864 2330 Qui
882 2257 912 2318 te
927 2256 1062 2316 matrem
1077 2250 1299 2331 deprecantur,

130 2330 282 2410 Contulit,
298 2333 383 2415 quod
398 2337 501 2398 totum
516 2332 670 2397 mundum
804 2335 923 2400 Veram
938 2335 1036 2400 vitam
1052 2337 1265 2416 assequantur

129 2414 217 2483 Fecit
232 2417 534 2500 praeclarissimum.
803 2420 881 2484 Post
895 2419 988 2484 linem
1004 2417 1160 2483 miseriae.

144 2523 237 2579 Text.
276 2524 359 2579 idone
378 2523 429 2579 No.
452 2525 520 2579 1084
540 2523 576 2592 (a,
595 2523 659 2649 442
678 2539 743 2579 aaa:
767 2523 821 2580 Ha.
846 2527 894 2580 dea
918 2525 1088 2596 stomaticen
1105 2523 1236 2580 Kloatera
1260 2521 1373 2576 Brona-

81 2591 146 2648 occa
165 2596 208 2650 dei
231 2593 391 2664 wertheim,
411 2593 573 2650 radcard.
610 2635 629 2662 ,‚
661 2596 729 2650 aima
751 2598 811 2652 aad
831 2595 977 2653 Versmcae
1001 2597 1067 2652 aiud
1089 2598 1167 2650 aicit
1183 2595 1302 2666 ycaaass
1340 2621 1372 2630 -

77 2663 172 2721 Daniel
191 2668 226 2736 V,
246 2669 300 2722 ata
318 2667 369 2721 oct
387 2666 439 2721 dea
457 2665 528 2720 Text
546 2681 599 2721 aaa
616 2666 708 2722 Mona.

538 3035 609 3098 856.
652 3029 704 3097 Dc
723 3050 749 3096 s.
772 3027 913 3128 Moerico.

99 3163 124 3222 l.
143 3159 253 3243 Pange
267 3159 351 3226 dulci
368 3160 548 3243 simphonia
769 3169 796 3227 7.
817 3161 904 3230 Odor
918 3161 992 3227 vitis
1007 3177 1098 3226 sacro
1113 3160 1192 3225 flore

142 3243 337 3326 Angelorum
353 3243 531 3310 hierarchia
742 3265 747 3276 ·
816 3248 864 3311 De
878 3243 992 3310 vinetis
1008 3263 1079 3309 cum
1094 3245 1203 3325 vigore

142 3327 314 3394 Modulans
328 3329 362 3392 in
376 3326 484 3393 iubilo.
816 3331 1003 3410 Serpentem
1018 3329 1217 3394 exterminat.

97 3429 123 3489 2.
144 3425 249 3492 Corde
263 3427 357 3510 pleno
372 3429 517 3495 armmria
767 3435 797 3496 8.
816 3431 915 3496 Vetus
931 3427 1030 3493 hostis
1047 3429 1165 3496 virtute
1179 3428 1343 3508 sternitur,

143 3511 188 3575 Ac
202 3529 320 3577 sonora
334 3511 472 3576 melodia
815 3513 920 3579 Saeva
932 3509 1031 3576 libido
1046 3512 1176 3594 pellitur

142 3593 503 3661 Nostrasonetconcio.
816 3595 982 3662 castitatis
996 3597 1148 3677 germine.

96 3695 124 3754 3.
143 3690 285 3773 (loeium,
301 3699 398 3774 terra,
413 3713 500 3774 arva,
516 3715 604 3764 mare
767 3703 795 3762 9.
815 3696 942 3762 Puerile
956 3695 1053 3762 nichil
1069 3697 1180 3777 gessit,

142 3775 297 3842 Promant
312 3779 411 3845 melos
426 3777 578 3862 salutare,
814 3779 922 3846 Timor
937 3779 997 3845 Dei
1033 3798 1108 3846 uam
1123 3779 1312 3861 compressit

142 3859 286 3926 laudem
302 3861 370 3927 Deo
387 3863 563 3930 concinant.
813 3863 912 3930 Sacra
927 3863 968 3930 ab
982 3798 1129 3930 infancia.

94 3963 123 4021 4.
143 3957 249 4026 Corda
263 3963 428 4045 plaudant,
447 3963 588 4045 psallant
602 3983 659 4031 ora
748 3971 795 4030 10.
813 3965 913 4030 Prece
929 3963 1039 4030 studet
1053 3964 1211 4046 virginali,

142 4039 244 4110 Visae
258 4048 344 4111 vocis
361 4046 504 4113 dulciora
815 4050 898 4114 Aula
913 4051 1024 4130 spreta
1037 4048 1196 4130 paternali

142 4125 291 4195 Laudent
304 4131 419 4196 mentis
436 4131 557 4196 intima.
814 4132 1035 4214 Frequentius
1053 4131 1228 4198 ecclesiam.

96 4229 124 4290 5.
142 4226 500 4309 Pangantlaudemsors
507 4235 699 4312 sanctornm,
747 4239 796 4300 11.
817 4232 858 4299 Se
873 4233 1002 4298 devovit
1018 4233 1171 4306 castitati,

142 4309 225 4376 Nam
240 4313 273 4378 in
287 4314 381 4380 horto
395 4314 562 4381 beatorum
815 4316 878 4384 Sed
893 4322 1060 4399 parentum
1076 4316 1233 4382 voluntati

141 4394 236 4460 Nova
249 4398 360 4478 planta
374 4398 542 4480 germinat.
814 4402 970 4467 Reservat
984 4400 1162 4467 arbitrium.

95 4497 123 4557 6.
142 4493 234 4560 Inter
247 4515 359 4580 vepres
371 4517 544 4597 pmvmnm
556 4500 698 4581 gentium
748 4508 796 4568 12.
818 4500 898 4567 (lum
912 4499 1035 4583 pudore
1050 4501 1189 4566 maritali

142 4576 220 4644 Flos
235 4581 396 4649 candescit
410 4583 558 4649 decorum
577 4583 678 4650 lilium
814 4585 923 4651 Nubet
937 4583 1066 4651 tandem
1080 4584 1159 4650 haec
1174 4585 1286 4666 gentili

145 4659 416 4734 (landarsanctae
429 4666 584 4734 Monicae.
814 4668 921 4736 Nobili
935 4669 1081 4750 patricio.
