3266 5222
690 323 919 388 -att-

158 507 190 570 6.
216 500 302 568 Gnnx
314 500 503 584 praesignat
517 501 681 569 sublimari
833 509 862 570 9.
889 503 954 570 Nos
970 503 1010 569 ad
1025 501 1153 570 laudem
1168 509 1267 582 tuam,
1283 499 1420 583 Christe,

216 585 387 662 Christum,
404 585 461 651 scd
476 585 560 652 huno
574 587 725 654 minorari
888 587 1110 654 Praecursoris
1124 593 1158 653 51
1170 585 1336 670 Baptistae

215 670 339 752 Capitis
355 669 522 736 abscissio:
888 671 1027 736 Colimus
1042 671 1222 736 sollemnia:

215 754 304 820 Mors
319 757 370 818 est
383 753 458 818 iusti
474 753 625 834 pretiosa,
889 755 937 820 Tu
952 756 1065 821 nesab
1081 755 1140 820 hae
1155 757 1266 820 mortis
1281 753 1364 819 valle

216 837 320 914 Quam
335 837 508 920 praecessit
522 837 659 918 gloriosa
889 839 958 904 Dnc
972 839 1014 904 ad
1029 841 1126 904 vitam
1140 843 1227 904 reete
1242 839 1321 903 calle

214 923 309 986 Vitae
325 921 531 987 conversatio.
890 923 951 987 Per
965 923 1033 988 eius
1048 921 1208 1004 suffragia.
1238 924 1349 988 Amen.

230 1045 256 1084 5.
274 1027 367 1084 Text.
404 1029 491 1084 Nesla
510 1045 536 1096 p.
557 1033 615 1088 173.
636 1043 651 1084 5
670 1029 748 1088 Miss.
765 1029 959 1100 Andagavsnsi
980 1033 1048 1086 1523
1066 1031 1119 1102 (A).
1132 1060 1161 1070 -
1173 1031 1253 1086 Miss.
1272 1029 1351 1085 fratr.
1370 1029 1460 1084 Paria.

160 1104 231 1156 1520
249 1101 301 1170 (B).
338 1099 470 1156 Clichtev.
489 1099 537 1166 IV,
556 1103 608 1155 214
628 1102 677 1168 (G).
706 1131 738 1142 -
771 1101 870 1156 Daniel
890 1101 924 1168 IL
943 1104 987 1156 84.
1010 1101 1061 1156 bat
1080 1101 1270 1156 5153555155
1288 1099 1384 1154 Zeila»
1402 1099 1461 1154 aad

157 1173 194 1240 V,
213 1175 274 1228 301.
294 1169 435 1226 1155Τ551
454 1187 506 1226 aaa
524 1171 621 1228 Neale.
655 1201 688 1212 —
723 1171 803 1226 Stcbt
820 1173 893 1226 aaeb
910 1171 995 1228 Mona
1013 1177 1039 1242 s,
1058 1176 1101 1228 55.
1121 1174 1242 1228 555115
1259 1173 1336 1228 51555
1355 1170 1461 1226 Harsa

159 1242 398 1311 Pommcrsfeldca
417 1243 460 1296 bei
477 1241 620 1314 Bambery
638 1258 691 1298 aus
709 1243 830 1298 5155114.
849 1241 950 1298 lutra.

230 1329 459 1385 1555555155.
499 1334 566 1398 1,3.
586 1329 709 1386 celebrat
726 1331 754 1386 (1.
775 1361 808 1372 -
828 1335 853 1400 2,
872 1333 897 1384 5.
917 1330 1029 1386 Nullius
1047 1347 1081 1384 m.
1101 1333 1166 1388 huic
1189 1333 1223 1386 A.
1260 1329 1331 1401 „Vel
1350 1331 1461 1385 inversa

158 1403 288 1456 oratione
306 1403 395 1455 utitur
413 1407 505 1470 pocta,
524 1401 564 1456 ita
582 1408 614 1457 nt
632 1401 723 1456 dicere
741 1402 822 1457 velit:
850 1401 928 1458 Nulli
946 1403 1061 1471 martyri
1079 1403 1124 1456 hie
1143 1403 1288 1472 secundus,
1315 1401 1371 1455 vel:
1400 1399 1460 1454 nul·

158 1475 215 1528 lum
234 1479 383 1541 martyrem
402 1473 563 1528 beatissimo
583 1472 701 1529 Iohanni
724 1478 781 1527 tarn
803 1487 890 1542 prope
915 1473 1048 1528 accedere
1073 1475 1182 1540 asserit,
1210 1481 1242 1528 nt
1260 1475 1304 1528 vel
1322 1471 1461 1528 secundus

159 1545 197 1598 ab
217 1557 250 1598 eo
269 1543 322 1598 dici
340 1549 487 1598 mereatur.
525 1543 604 1612 Quod
623 1550 734 1612 poetam
752 1545 845 1612 potins
865 1561 946 1612 qnam
965 1543 1124 1614 theologum
1148 1547 1229 1615 sapit.
1267 1545 1460 1602 Cliehtovaeus

158 1617 298 1682 emendat,
326 1621 423 1669 eontra
450 1615 570 1668 emnium
597 1615 729 1670 librorum
757 1614 846 1682 fidem,
873 1613 950 1669 Nulli
976 1623 1082 1684 martyr
1099 1617 1146 1670 hic
1165 1616 1328 1671 secundus.“
1363 1613 1460 1668 Neule.

159 1687 256 1755 „Haec
274 1687 363 1740 oratio
383 1685 518 1753 significat
535 1685 666 1740 loannem
685 1685 755 1741 nulli
772 1694 924 1755 martyrum
943 1694 993 1740 aut
1011 1693 1170 1742 sanctorum
1189 1687 1287 1741 cedere
1306 1683 1460 1739 virtutcval

159 1757 291 1827 praemio,
310 1757 455 1824 ipsumque
474 1756 550 1810 nullo
569 1756 624 1810 alio
644 1771 706 1811 asse
724 1757 884 1812 minorem*
903 1757 1000 1812 client.
1034 1787 1067 1796 —
1104 1763 1128 1824 3,
1153 1765 1175 1814 l.
1195 1757 1341 1826 pravitatis
1358 1756 1392 1822 A,
1411 1753 1461 1810 sed

159 1843 239 1897 parv.
259 1827 355 1882 Neale.
375 1857 408 1867 —
428 1831 452 1893 3,
472 1831 497 1881 b.
517 1827 633 1886 affectus
651 1829 685 1882 A.
723 1827 815 1882 11151.
835 1827 1020 1882 inflammetur
1040 1829 1068 1883 G.
1106 1859 1139 1868 -
1176 1833 1202 1896 4,
1220 1832 1245 1884 2.
1265 1828 1316 1882 551.
1336 1825 1460 1880 veritatis

160 1899 214 1953 BC.
235 1929 267 1939 -
288 1903 312 1966 4,
331 1900 357 1953 5.
376 1897 541 1954 transitores
560 1897 612 1954 BG.
631 1929 665 1938 —
684 1901 709 1966 5,
729 1899 892 1954 4151551515
912 1899 940 1953 O.
966 1928 998 1938 —
1024 1901 1049 1967 6,
1069 1902 1094 1952 2.
1114 1901 1189 1956 Laus
1207 1897 1339 1954 accrescit
1358 1897 1389 1954 B.
1426 1925 1460 1936 -

160 1975 186 2038 6,
205 1975 230 2022 4.
251 1971 341 2023 Servis
359 1968 462 2024 stultus
480 1969 512 2022 B.
549 1969 657 2024 Stultus
675 1969 761 2025 servit
779 1973 807 2025 O.
840 2000 871 2009 -
903 1969 928 2036 6,
947 1971 972 2022 6.
990 1985 1042 2040 per
1060 1969 1204 2038 imperinm
1233 1969 1267 2024 A.
1304 1969 1377 2036 „Pur
1397 1974 1462 2021 atur

159 2055 211 2110 par
229 2039 341 2108 flagella
360 2047 388 2093 et
405 2039 568 2096 afflictiones
588 2055 657 2108 quas
676 2040 711 2094 ab
726 2041 883 2110 imperio
902 2039 930 2094 id
949 2048 993 2094 est
1010 2047 1128 2110 tyranno
1148 2041 1203 2095 lert
1222 2041 1338 2096 iustus.“
1390 2037 1458 2092 5515.

161 2141 194 2152 -
216 2115 241 2178 7,
261 2114 286 2167 6.
304 2111 427 2180 perierat
444 2113 478 2165 A.
516 2141 549 2152 -
585 2113 611 2178 3,
630 2115 655 2164 3.
675 2111 794 2167 51551515
812 2113 843 2166 Β.
863 2111 998 2181 supplicio
1018 2113 1052 2179 A,
1076 2112 1124 2168 sed
1142 2111 1230 2166 Nesla
1249 2110 1390 2166 abscissio.
1426 2137 1460 2150 -

160 2185 185 2253 9,
208 2187 230 2235 l.
251 2183 292 2237 tui
310 2181 342 2236 B.
363 2211 395 2222 -
415 2184 440 2251 9,
460 2183 484 2236 6.
504 2183 564 2239 5155
582 2182 698 2252 vestigia
717 2183 748 2236 B.

502 2391 572 2452 355.
616 2387 668 2452 115
689 2394 794 2454 sancto
820 2387 938 2454 155555
958 2387 1118 2469 Baptista.

203 2520 428 2586 Laetabnnelus
443 2522 622 2605 Baptistam
637 2528 670 2588 15
684 2523 796 2592 laudat
810 2523 947 2590 mundus
962 2522 1023 2590 All.
1040 2527 1099 2586 ete.

234 2627 330 2684 Text.
366 2629 467 2686 Daniel
486 2631 518 2700 V,
540 2634 598 2686 126.
617 2632 668 2687 bot
687 2633 780 2688 diesen
798 2631 916 2702 Aasuny
934 2647 1001 2686 555.Ι
1021 2630 1086 2686 cod.
1107 2629 1216 2686 8.(1511.
1236 2631 1288 2684 546
1307 2627 1460 2698 (11555155).

718 2757 913 2764 ψ--ι-..κ

501 2829 571 2892 356.
615 2825 667 2892 De
688 2833 795 2894 555515
817 2827 936 2892 155555
958 2824 1120 2906 Baptista.

163 2965 191 3025 1.
218 2957 308 3024 Inter
322 2963 416 3024 natos
431 2959 600 3024 mulierum
891 2959 1020 3025 Heremi
1035 2959 1138 3024 cultor
1152 2957 1275 3034 nobilis,

217 3042 277 3108 Hic
291 3041 449 3108 Iohannes
464 3061 520 3108 vas
535 3046 691 3109 sincerum
892 3043 1091 3108 camelorum
1107 3047 1210 3108 tectus
1227 3041 1312 3122 pilis,

216 3125 434 3208 Principatnm
449 3129 569 3191 tenuit:
890 3125 987 3191 Verbi
1003 3144 1063 3189 vox
1079 3132 1112 3190 et
1130 3125 1262 3190 baiulus.

219 3207 316 3274 Cuius
331 3215 464 3274 matrem
480 3209 631 3275 salutavit
835 3215 865 3276 4.
890 3211 940 3276 Ab
957 3209 1069 3290 angelo
1085 3209 1252 3274 nunciatus

218 3293 318 3374 Virgo
333 3296 444 3373 mater,
460 3311 541 3374 quae
555 3293 696 3376 portavit
890 3295 948 3358 Est
963 3293 1094 3368 Mariae,
1110 3299 1143 3356 et
1157 3295 1270 3357 beatus

218 3375 388 3457 Christum,
405 3393 498 3458 quem
515 3383 548 3443 et
562 3377 681 3459 genuit.
890 3379 921 3442 N
922 3377 1061 3441 nnclavit
1077 3375 1252 3440 dominnm:

891 3463 917 3526 A
934 3460 1046 3525 diebus
1062 3459 1143 3522 tanti
1162 3459 1263 3538 patris

163 3548 192 3608 2.
218 3541 334 3608 Hic-ad
350 3559 457 3608 vocem
474 3543 639 3625 exvrltavit,
890 3543 1034 3624 Regnum
1051 3541 1168 3607 Christi
1185 3541 1279 3606 datur
1294 3542 1405 3622 gratis,

216 3625 440 3692 1151515155515
457 3627 618 3692 nunciavit
892 3626 955 3692 Ubi
971 3645 1032 3708 pax
1048 3633 1081 3691 et
1096 3625 1257 3706 gandium.

216 3711 384 3776 Stantibus
398 3711 431 3774 in
447 3711 603 3778 tenebris:
835 3711 865 3772 5.
891 3711 977 3792 Ergo
993 3717 1115 3792 martyr
1129 3727 1200 3774 cum
1215 3706 1335 3788 regina,

216 3794 336 3874 Regem
351 3793 430 3858 coeli
444 3793 629 3876 baptizavit,
890 3795 993 3859 Matre
1009 3793 1135 3873 Christi,
1152 3813 1171 3858 a
1187 3791 1278 3857 ruina

216 3877 340 3958 Agnum
356 3877 415 3942 Dei
431 3878 661 3944 demonstravit
890 3879 1087 3943 Corrservare
1102 3895 1160 3941 nos
1175 3875 1292 3940 festine

216 3960 295 4026 Tam
309 3961 465 4045 propheta
480 3960 622 4026 celebris
891 3963 948 4028 Pia
963 3980 1020 4042 per
1035 3959 1202 4041 suffragia:

890 4043 936 4110 Ut
951 4045 1080 4123 carnali,
1097 4063 1159 4124 quo
1175 4061 1355 4125 gravamur,

114 4205 119 4212 .
160 4131 189 4191 3.
217 4127 384 4193 Trinitatis
398 4129 586 4210 mysterium
891 4129 1059 4210 Compede,
1077 4128 1122 4192 sic
1137 4127 1352 4202 absolvamur,

215 4210 340 4275 Primus
354 4213 454 4277 sensit
467 4211 519 4276 hic
534 4213 673 4277 omnium
890 4211 936 4276 Ut
951 4213 1047 4292 soluti
1062 4211 1294 4276 transferamur

216 4295 391 4360 Salvatoris
406 4298 556 4378 angelus:
891 4297 939 4362 Ad
954 4295 1033 4360 coeli
1050 4296 1177 4378 palatia.
1211 4295 1319 4359 Amen.

231 4417 255 4456 a.
274 4401 371 4456 Text.
407 4403 491 4458 Meno
509 4404 562 4459 No.
582 4406 634 4458 648
654 4403 689 4470 (3,
709 4405 762 4472 68.)
782 4421 848 4458 cus:
867 4404 917 4458 Hs.
939 4399 1461 4472 (155111551555115951155915115155-

158 4473 276 4539 reolrica,
305 4473 325 4527 1.
344 4475 402 4544 ⁴l2's·
430 4473 477 4528 Bl.
497 4479 540 4529 46.
569 4478 612 4526 14.
631 4472 731 4528 anrb.
759 4476 811 4529 mit
838 4477 891 4528 derv
918 4475 1012 4529 Notca
1039 4476 1084 4543 vll)
1112 4477 1171 4529 5551
1198 4474 1391 4528 1155155555·
1410 4470 1460 4524 Hs.

158 4543 211 4598 Ne.
230 4547 290 4598 209.
309 4543 356 4598 Bl.
376 4549 420 4610 20,
442 4547 514 4600 5551
532 4545 583 4598 orit
603 4546 652 4598 cler
671 4544 794 4599 Melools'e
813 4545 865 4616 (Β).
903 4547 956 4600 Hs.
976 4563 1013 4599 55
1031 4544 1222 4614 1155555555
1242 4546 1284 4598 bei
1301 4542 1461 4606 Konstana,

158 4617 202 4667 14.
220 4613 319 4670 Jebrb.
337 4617 390 4670 mit
408 4615 503 4670 Noton
521 4617 572 4687 (C).
610 4645 642 4656 -
681 4616 781 4670 Daniel
800 4617 832 4685 V,
852 4621 894 4672 75.
924 4619 974 4672 but
992 4618 1036 4670 (lie
1054 4620 1072 4670 3
1090 4623 1182 4672 ersten
1201 4616 1295 4670 Zeila-a
1315 4631 1329 4668 5
1350 4611 1414 4668 Geel.
1435 4611 1461 4666 S.

159 4683 230 4741 Gall.
249 4689 301 4742 546
320 4687 476 4759 (Breuem).
