3266 5222
686 243 725 258 -
770 209 914 276 282-

152 399 185 461 6.
211 393 335 460 Hortus
350 393 485 472 cursus,
500 391 571 460 lons
586 393 731 476 signatus
885 389 1169 474 Huncvirgolesse
1178 403 1326 474 promens
1337 386 1457 467 liorem,

211 475 703 558 Ten·s‚dequsiructusuctus
885 475 984 542 Ouios
999 475 1100 542 currit
1113 475 1146 540 in
1160 473 1289 542 odorem

211 561 547 628 Cibusestlidelium:
886 561 1074 630 Sanctorum
1089 559 1266 642 collegium.
1288 558 1399 623 Amen.

227 669 319 726 Text.
356 670 435 727 Mine.
452 669 533 726 lrctr.
552 671 641 728 Poris.
661 673 738 727 1520.

227 757 681 830 Mmmmmm

705 923 903 931 -‹-—-—--·-.--.-.-

525 1037 596 1102 329.
640 1035 694 1100 De
715 1035 805 1102 boola
826 1035 939 1102 Morio
960 1034 1090 1118 circino.

157 1175 187 1236 1.
214 1170 306 1236 Solve
321 1173 433 1235 sancto
447 1169 566 1237 Christi
581 1191 708 1255 parens,
833 1179 861 1241 5.
887 1173 951 1239 Pro
965 1171 1016 1238 his
1031 1170 1117 1237 lucto
1132 1169 1304 1251 singularis

215 1253 633 1338 Salvevirgolobecureus,
888 1257 992 1340 Super
1007 1261 1122 1322 cuncte
1136 1252 1325 1338 principaris

214 1337 307 1404 Solve
323 1338 603 1421 docusvirginum
887 1342 953 1408 Sub
968 1358 1115 1422 supremo
1129 1337 1288 1421 principe:

213 1421 411 1503 Salvevirgo
428 1423 608 1505 singularis
887 1426 975 1506 Ergo
990 1425 1080 1505 virgo
1095 1424 1142 1489 sio
1156 1425 1303 1506 promoto

214 1505 413 1572 Salvatorem
428 1507 518 1572 salvo
532 1509 618 1590 paris
889 1511 992 1592 Super
1008 1525 1116 1574 omnes
1132 1512 1241 1572 nostro
1256 1507 1332 1570 uoto

214 1590 258 1655 Et
273 1589 388 1655 ancilla
401 1589 574 1658 dominum.
887 1591 1108 1659 Promovendo
1124 1591 1259 1672 suscipe.

159 1676 191 1734 2.
215 1673 263 1738 Tu
277 1679 413 1739 naturae
429 1681 541 1741 contra
554 1676 650 1742 ritum

214 1757 263 1823 Ex
277 1764 415 1839 angusto
431 1757 587 1825 inlinitum

215 1841 336 1906 Ventre
351 1841 476 1924 prolers
490 1844 637 1926 parvula:

215 1926 319 1992 Homo
334 1925 447 2006 Deum,
462 1928 555 1994 stelle
570 1927 678 2009 solem,

214 2011 300 2076 Nota
314 2015 450 2091 patrem,
465 2013 556 2094 virgo
571 2015 702 2096 prolem,

215 2095 391 2176 Antiquum
405 2095 582 2162 iuvenculu.

159 2177 188 2238 3.
215 2180 303 2244 Inter
318 2179 426 2260 spinos
441 2177 501 2245 flos
515 2179 615 2262 luisti,

216 2263 269 2328 Sic
281 2261 340 2328 flos
355 2261 427 2327 flori
441 2264 573 2344 potuisti

215 2345 349 2414 Pietatis
367 2345 488 2427 gratio:

216 2431 358 2496 Verbum
373 2430 469 2496 verbo
484 2433 667 2515 concepisti,
836 2439 864 2500 7.
889 2431 950 2498 Per
965 2436 997 2497 te
1013 2429 1106 2497 iustis
1121 2429 1237 2512 gratio,

216 2515 337 2597 Regem
350 2531 462 2597 regum
476 2517 629 2600 peperisti
889 2516 952 2583 Per
966 2523 999 2582 te
1014 2514 1078 2580 reis
1094 2513 1187 2580 venio

215 2598 521 2680 Virgovirinesoia.
889 2598 1195 2668 Daturetleetltic:

163 2676 193 2738 4·
216 2683 296 2764 Regi
311 2687 387 2749 noto
402 2683 588 2762 adhaesisti,
890 2683 990 2767 Virgo
1005 2699 1116 2750 carens
1132 2681 1239 2759 simili,

217 2767 316 2844 Quem
331 2766 460 2834 lactasti
474 2774 507 2834 et
524 2767 641 2850 pavisti
890 2763 1281 2850 Tuquuemundollebili

216 2849 433 2917 Moremotris
450 2851 572 2918 debito:
680 2851 686 2864 ’
892 2851 1206 2932 Contulistiguudio‚

217 2935 306 3012 Quae
322 2934 705 3002 coniunctonunceidem
890 2937 958 3003 Nos
973 2935 1115 3018 digneris
1129 2933 1242 3012 uisere,

215 3019 262 3086 Es
277 3019 389 3100 regina
403 3018 489 3086 facto
502 3019 627 3102 pridem
891 3019 938 3086 Ut
951 3039 1022 3085 cum
1036 3019 1165 3085 Christo
1179 3019 1286 3084 vivere

216 3103 355 3186 Operum
370 3105 566 3186 promerito.
891 3103 1227 3185 Possimusinglorio.

231 3227 255 3267 a.
274 3209 370 3268 Text.
407 3213 490 3269 Mouo
507 3211 560 3268 No.
579 3215 633 3269 560
652 3215 687 3286 (2,
706 3214 778 3284 350.)
805 3229 873 3270 occ:
897 3212 951 3269 He.
970 3229 1007 3269 cu
1025 3211 1186 3268 Karlorulue
1205 3226 1230 3266 o.
1248 3208 1286 3264 N.
1312 3209 1462 3264 oon1439.

159 3283 207 3338 Bi.
227 3287 269 3338 70.
287 3284 339 3337 mit
359 3284 419 3339 ιῐααι
437 3283 570 3340 Beisots:
588 3285 725 3356 Scriptum
744 3283 912 3355 Florentiae,
931 3285 992 3340 otoo
1011 3281 1147 3351 eioLied,
1167 3283 1220 3338 dos
1232 3277 1464 3336 macrochetntiole

158 3357 191 3409 in
208 3353 315 3410 Italion
330 3355 456 3425 pamachi
473 3357 577 3411 roureio.

158 3515 213 3566 m
229 3440 424 3568 bbsscmeric.
460 3443 549 3499 Diem
574 3443 700 3514 Soporem
725 3444 777 3500 hot
803 3443 926 3500 anselme
953 3441 1094 3512 Stropheo
1118 3441 1226 3513 pmcn
1250 3436 1462 3495 mitNr.182.

834 1809 862 1871 6.
889 1800 1022 1880 Quodsi
1037 1819 1109 1866 reos
1124 1801 1236 1866 sanctu
1250 1797 1385 1880 spernis,

889 1885 936 1952 Ut
951 1885 1035 1968 quod
1049 1885 1093 1952 sis
1108 1885 1255 1966 praelato
1268 1881 1369 1948 tomis

889 1968 1097 2048 Hierorchiis,
1112 1967 1252 2050 respice:

889 2055 937 2120 Tu
951 2070 1079 2120 reorum
1098 2051 1262 2131 advocatu,

889 2140 952 2204 Per
966 2144 1000 2204 te
1014 2135 1052 2203 fit
1064 2138 1206 2220 ipsorum
1220 2137 1314 2216 grato

891 2223 997 2289 Causa
1011 2240 1118 2288 coram
1132 2219 1246 2286 iudice.

515 3781 586 3845 330.
628 3777 682 3844 De
709 3777 799 3847 beato
827 3779 945 3846 Morio
971 3777 1104 3860 oirpioo.

161 3913 187 3975 1.
214 3906 335 3975 Uterus
350 3909 513 3990 virgineus
889 3913 989 3995 Virgo
1005 3911 1138 3977 thronus
1153 3909 1287 3988 exstitit,

214 3992 362 4059 Thronus
377 4000 429 4060 est
443 3995 603 4061 eburneus
890 3995 949 4063 Oui
964 3997 1053 4061 Deus
1067 3994 1231 4076 praestitit

212 4077 309 4158 Regis
325 4075 521 4143 Salomonis:
888 4080 968 4146 Tum
983 4079 1141 4146 excellens
1157 4079 1284 4144 donum.

213 4159 359 4226 Thronus
376 4161 587 4242 admirabilis,
801 4167 807 4178 '

212 4242 331 4326 Dispor
344 4249 377 4311 ot
392 4245 556 4312 dissimilis

213 4325 380 4394 Universis
396 4329 529 4395 thronis.
834 4340 862 4401 3.
888 4329 977 4396 Haec
991 4336 1042 4398 est
1055 4332 1170 4416 Ioseph
1184 4332 1345 4412 horreum,

157 4415 187 4475 2.
213 4409 363 4477 Salomon
379 4412 528 4496 pacificus
889 4414 981 4492 Quod
996 4434 1059 4481 uon
1074 4417 1229 4500 operitur,

213 4493 334 4561 Summi
350 4497 436 4578 regis
450 4497 534 4562 lilius
886 4499 976 4565 Haec
990 4517 1046 4566 vas
1062 4499 1201 4567 lundens
1216 4499 1330 4582 oleum,

213 4578 308 4647 Hunc
322 4581 421 4664 elegit
435 4581 600 4648 thronum:
888 4581 981 4661 Quod
995 4603 1058 4652 non
1072 4585 1268 4653 exhauritur.
