3234 5246
731 251 963 316 -418-

220 435 249 496 2.
269 429 428 498 Invitatur
441 429 502 496 hoc
515 431 548 496 in
562 430 615 496 die
941 429 1072 508 Ducem,
1089 429 1186 495 decus
1201 429 1334 508 Daniae,

269 515 320 580 Ad
334 515 419 596 regis
437 515 625 594 convivium,
942 513 1167 580 Circumcinxit
1182 513 1260 591 acie,

267 597 445 664 Universae
460 598 564 664 carnis
580 599 650 663 viso
943 599 986 662 Et
1001 597 1060 664 sub
1075 597 1163 678 pacis
1179 595 1306 662 foedere

269 681 407 748 Sanctus
422 681 696 762 tangitbravium,
942 681 1242 762 Prodiitiniquitas.

271 765 376 831 Causa
391 765 504 830 mortis
520 764 688 832 diffinitate
894 767 923 827 6.
942 765 1064 830 Auctor
1078 765 1143 830 doli
1157 763 1238 829 Duci
1255 765 1316 830 soli

269 849 329 913 Rei
344 847 401 914 det
414 847 576 926 iudicium,
943 848 1035 913 Velle
1049 847 1138 930 loqui
1154 847 1293 928 simulat,

271 931 362 1009 Quod
377 931 419 998 sit
433 930 505 996 finis
519 931 614 997 huius
629 932 714 999 vitae
942 930 1078 998 Sanctus
1094 931 1196 998 credit
1211 939 1244 998 et
1259 930 1377 1012 obedit,

271 1015 379 1082 Vitale
392 1015 528 1080 initium.
943 1016 1036 1082 Solus
1053 1017 1082 1080 ei
1097 1015 1213 1082 obviat.

895 1101 923 1166 l.
944 1101 1026 1165 Dum
1042 1103 1201 1166 tractatur
1215 1105 1249 1165 et
1262 1101 1416 1166 causat-ur

223 1189 252 1248 3.
270 1182 368 1248 Pater
382 1182 467 1264 regis
482 1185 515 1247 et
529 1182 613 1263 regis
627 1181 713 1247 filius
940 1182 1272 1266 Deregniregimine,

270 1267 384 1332 Dictus
399 1265 486 1331 Dux:
509 1267 577 1330 Rex
591 1265 654 1331 dici
670 1267 785 1333 melius
943 1267 1149 1346 vulneratur,
1165 1267 1261 1332 morti
1276 1265 1371 1332 datur

272 1351 331 1415 Vir
343 1349 446 1416 iustus
460 1349 588 1434 poterit,
942 1349 1305 1433 Martyrsinecrimine.

272 1435 314 1500 Se
328 1434 462 1514 regebat
475 1451 553 1514 rege
568 1433 716 1514 nobilius
894 1433 923 1498 8.
942 1433 1002 1501 Est
1015 1434 1147 1500 indutus
1161 1434 1234 1498 Dux
1249 1435 1400 1499 Kanutus

271 1517 397 1583 Foedus
411 1519 498 1600 pacis
514 1535 645 1583 servans
658 1516 792 1597 fidelius,
943 1517 1330 1600 Togacinctnsanguine,

271 1601 318 1668 Ut
331 1619 382 1667 res
395 1601 545 1667 innotuit.
943 1601 1104 1684 Nuptialis
1118 1602 1217 1668 vestis
1233 1603 1307 1666 talis

742 1721 750 1736 ·
944 1687 1005 1752 Est
1019 1685 1167 1752 coelestis
1182 1685 1317 1766 gratiae.

223 1779 252 1838 4.
271 1767 555 1851 Huncadpoenas
572 1767 786 1848 innocentum,
896 1766 925 1835 9.
945 1769 1022 1835 Vita
1035 1768 1107 1834 vili
1122 1775 1156 1836 et
1170 1769 1261 1834 exilis

270 1851 331 1917 Vel
346 1852 388 1917 ad
402 1871 496 1936 paces
509 1857 757 1934 persequentum
943 1851 1072 1920 Transit
1085 1871 1142 1935 per
1155 1851 1358 1934 martyrium,

271 1935 398 2002 Fideles
413 1935 576 2018 ecclesiae,
943 1935 1013 2014 Quo
1028 1941 1077 2004 est
1090 1937 1157 2002 vita
1172 1935 1338 2018 acqmsitu,

270 2021 343 2086 Non
357 2039 418 2086 vox
432 2019 533 2086 flectit
547 2019 760 2101 suggerentis,
943 2019 1032 2098 Quae
1046 2038 1109 2086 non
1123 2019 1220 2086 habet
1234 2020 1417 2085 terminum.

271 2105 337 2169 Nec
352 2103 403 2169 ius
417 2109 547 2170 movent
561 2103 666 2170 iustae
680 2104 797 2170 mentis
877 2101 925 2168 10.
944 2105 1091 2170 Pretiosa
1105 2121 1191 2170 mors
1206 2103 1344 2168 Kenuli:

270 2187 385 2252 Preces
399 2191 456 2253 aut
471 2188 632 2270 pecuniae.
943 2188 1050 2267 Surdi,
1065 2187 1160 2262 caeci,
1175 2187 1292 2264 claudi,
1307 2186 1388 2252 muti

271 2271 365 2337 Solus
380 2275 450 2336 erat
464 2289 541 2336 sune
556 2271 673 2352 gentis,
944 2273 1026 2338 Sunt
1040 2271 1137 2336 saluti
1151 2270 1294 2336 restituti

271 2355 383 2419 Virtus
397 2360 484 2420 recte
498 2353 674 2420 incedentis
945 2355 1024 2421 Eius
1039 2353 1231 2438 patrocinio:

271 2437 376 2502 Causa
390 2437 427 2503 fit
441 2438 589 2504 invidiae.
943 2439 1047 2504 Huius
1062 2456 1156 2520 prece
1169 2455 1228 2503 nos
1243 2437 1345 2502 adiuti

270 2519 663 2602 Zeluspetetsaevientis,
943 2523 991 2587 De
1007 2523 1111 2588 salute
1126 2521 1225 2587 simus
1240 2522 1314 2594 tuti,

272 2605 393 2670 Contra
407 2605 510 2670 Deum
524 2604 703 2670 incedentis
881 2606 890 2623 ⁶
944 2605 993 2672 Ne
1009 2607 1176 2673 tradamur
1191 2604 1340 2670 servituti

270 2687 628 2755 Grassanturinsidiae.
943 2690 1116 2756 Daemonis
1132 2689 1308 2755 daemonio.

878 2780 926 2840 11.
946 2775 1070 2856 Martyr
1086 2777 1205 2854 sancte,
1222 2772 1335 2839 mortis
1350 2777 1428 2838 tuse

221 2860 251 2920 5.
270 2855 351 2921 Erat
365 2861 476 2922 sancto
492 2855 657 2936 sanguine,
944 2859 1086 2939 Agentes
1106 2858 1299 2936 memoriam,

268 2939 560 3021 cunctusmagnus
576 2939 713 3018 nomine,
944 2941 1046 3007 Nobis
1061 2941 1156 3007 datus
1170 2942 1343 3008 advocatus

269 3023 323 3088 Nil
338 3025 370 3088 in
385 3039 521 3104 nequam
535 3023 664 3088 homine
946 3025 1063 3090 Tecum
1079 3025 1141 3090 duc
1154 3025 1196 3090 ad
1211 3024 1345 3106 gloriam

268 3105 394 3172 Profuit
408 3107 647 3190 propinquitas:
947 3109 1189 3192 Sempitcrnam.
1219 3111 1330 3174 Amen.

201 3230 296 3344 1853a.
316 3213 412 3342 Tffit.
448 3215 550 3272 Daniel
577 3216 610 3285 V,
638 3218 692 3271 226
719 3231 735 3270 e
763 3215 843 3271 Miss.
870 3215 1025 3274 Halnlsnsi.
1052 3215 1265 3286 Ecclesiologist
1289 3215 1398 3272 XCVII.
1428 3213 1502 3284 Aug.

270 3371 503 3428 suesorum.
540 3376 566 3442 2,
589 3373 933 3442 nniouaooptatur.
961 3403 995 3414 -
1027 3377 1053 3445 3,
1072 3378 1098 3430 2.
1124 3375 1210 3431 Liber
1233 3374 1347 3431 dictus
1366 3377 1429 3430 est
1465 3403 1500 3415 —

201 3448 225 3514 3,
244 3447 270 3499 6.
289 3443 374 3500 Liber
392 3445 564 3500 innocuit.
588 3475 617 3484 -
638 3448 664 3514 4,
682 3447 708 3499 5.
728 3443 812 3499 Liber
830 3451 950 3500 movet.
1492 3482 1497 3494 -

560 3714 632 3775 617.
675 3709 728 3780 De
748 3729 774 3778 s.
796 3709 920 3777 Karolo
941 3709 1140 3792 imperatore.

199 3827 279 3897 (Gela.
296 3829 323 3881 2.
332 3825 421 3896 April
439 3829 493 3880 742
509 3826 672 3882 aaAoelea
690 3829 758 3884 oder
768 3829 931 3901 Inpelleim,
947 3831 1070 3899 pest28.
1082 3827 1149 3882 Jao.
1160 3830 1223 3898 814,
1242 3827 1352 3881 veretri
1364 3825 1499 3894 anaa.)

202 3957 229 4016 l.
257 3948 343 4016 Urbs
359 3947 526 4030 Aquensis,
542 3947 619 4014 urbs
635 3951 762 4032 regalis,
928 3950 975 4015 Ac
989 3949 1065 4014 dum
1079 3967 1193 4014 manus
1209 3952 1368 4031 operatur,

254 4033 357 4114 Regni
371 4032 465 4097 sedes
481 4032 675 4115 principalis,
927 4033 1061 4115 Bonum,
1077 4031 1429 4112 quodcormeditatur,

256 4117 364 4181 Prima
377 4133 490 4197 regum
506 4117 611 4182 curia:
929 4117 1039 4182 Dulcis
1054 4123 1103 4182 est
1116 4115 1306 4198 psalmodia.

254 4199 336 4280 Regi
350 4217 462 4280 regum
476 4219 581 4282 penge
595 4199 717 4276 leudes,
872 4207 902 4267 3.
928 4199 998 4266 Hac
1012 4201 1044 4265 in
1060 4200 1121 4280 die,
1137 4199 1189 4264 die
1203 4198 1287 4264 festa

255 4283 344 4360 Quae
356 4283 396 4347 de
410 4285 518 4365 magni
532 4285 617 4366 regis
632 4286 756 4368 gaudes
801 4291 805 4296 '
877 4310 882 4319 ·
928 4283 1038 4365 Magni
1052 4285 1139 4365 regis
1154 4301 1271 4364 magne
1285 4286 1379 4364 gesta

257 4365 574 4448 Karolipraesentia.
926 4367 1227 4434 Recolatecclesia:

201 4455 230 4516 2.
254 4451 322 4516 Iste
338 4454 448 4516 coetus
462 4450 582 4533 psallat
595 4451 708 4532 laetus,
926 4452 1032 4533 Reges
1047 4458 1152 4518 terrae
1167 4456 1200 4516 et
1214 4468 1324 4516 omnes
1337 4449 1454 4532 populi,

255 4534 379 4600 Psallat
393 4534 507 4600 chorus
522 4533 574 4598 hic
587 4553 722 4602 sonorus
928 4535 1047 4602 Omnes
1062 4535 1158 4602 simul
1171 4535 1327 4618 plaudant
1337 4538 1370 4600 et
1380 4531 1494 4614 singuli

255 4617 566 4686 Voceliconcordia:
927 4619 1052 4686 celebri
1065 4617 1200 4686 laetitia.
