3190 5226
696 277 905 342 ..36-

146 460 176 521 3,
201 455 418 534 Evaluctum,
435 452 674 521 nitaelructum
842 459 871 520 8.
890 453 964 533 Cur,
980 450 1065 534 quod
1079 451 1169 534 virgo
1184 454 1319 536 peperit,

202 539 302 619 Virgo
318 538 460 621 gaudens
475 538 584 618 edidit,
889 537 950 603 Est
963 537 1091 603 Iudaeis
1110 538 1319 603 scandalum?

202 625 270 689 Nec
286 623 424 704 sigillum
439 629 570 706 propter
584 623 675 688 illum
889 621 969 687 Oum
984 622 1074 702 virgo
1088 621 1276 704 produxerit

203 707 371 774 castitatis
385 709 535 789 perdidit.
890 705 1268 788 Sicoasicamygdalum.

147 795 176 855 4.
202 791 237 858 Si
252 791 422 874 crystallus
438 792 482 857 sit
496 791 643 856 humecta
841 793 870 854 9.
889 790 1149 872 Contemplemur
1163 789 1267 856 adbuc
1282 807 1404 870 nucem,

201 878 309 957 Atque
325 876 591 960 solisitobiecta,
887 875 969 940 Nam
984 875 1109 957 prolata
1124 893 1188 939 nux
1203 875 1236 940 in
1249 875 1352 940 lucem

202 959 364 1026 Scintillat
377 959 568 1042 igniculum:
888 959 983 1024 Lucis
999 963 1050 1024 est
1065 959 1268 1040 mysterium:

202 1044 269 1109 Nec
283 1045 454 1125 crystallus
469 1043 637 1124 rumpitur,
889 1043 1017 1108 Trinam
1032 1061 1147 1123 gerens
1163 1042 1312 1109 unionem

202 1129 270 1194 Nec
283 1129 317 1193 in
332 1131 427 1210 partu
443 1127 578 1193 solvitur
889 1127 965 1193 Tria
980 1125 1118 1193 confert:
1141 1127 1332 1206 unctionem,

202 1212 338 1278 Pudoris
354 1212 563 1294 signaculum.
888 1209 1222 1276 Lumenetedulium.

148 1297 176 1358 5.
204 1297 307 1378 Super
320 1296 379 1362 tali
394 1296 544 1378 genitura
822 1296 870 1359 10.
889 1295 962 1361 Nux
977 1301 1028 1360 est
1042 1293 1200 1374 Christus,
1215 1299 1324 1362 cortex
1338 1293 1430 1360 nucis

203 1381 320 1461 Stupet
333 1399 411 1446 usus
427 1383 460 1444 et
473 1383 590 1444 natura
889 1378 1367 1460 Circacarnempoenacrucis,

203 1463 383 1547 Deficitque
397 1464 497 1529 ratio:
889 1463 986 1529 Testa
1000 1479 1114 1544 eorpus
1129 1464 1266 1528 ossium:

201 1549 267 1614 Res
283 1546 529 1625 estineffabilis,
891 1546 994 1612 Carne
1008 1552 1095 1612 tecta
1110 1547 1213 1613 deitas

202 1632 282 1698 Tam
296 1633 358 1715 pia,
373 1635 440 1696 tam
454 1631 584 1696 humilis
889 1631 933 1697 Et
947 1630 1066 1696 Christi
1081 1632 1224 1696 suavitas

202 1715 323 1782 Christi
338 1715 512 1798 generatio.
890 1716 1283 1797 Signaturpernucleum.

147 1799 176 1863 6.
200 1799 368 1879 mandem,
382 1799 501 1880 florem,
517 1817 639 1880 nucem,
660 1799 753 1882 sicca,
822 1799 870 1869 11.
888 1799 959 1864 Lux
973 1804 1024 1865 est
1037 1799 1140 1864 caecis
1157 1803 1189 1862 et
1203 1802 1410 1881 unguentum,

202 1885 303 1966 Virga
317 1883 442 1967 profert
458 1889 491 1950 et
504 1883 621 1967 pudica
890 1884 1036 1949 Christus
1052 1882 1393 1964 aegrisetlomentum

202 1971 303 2050 Virgo
318 1969 378 2034 Dei
394 1967 503 2034 filium.
888 1967 955 2034 Piis
970 1967 1178 2033 animalibus:

202 2055 280 2119 Fert
294 2054 464 2119 coelestem
478 2052 581 2117 vellus
596 2069 702 2117 rorem
890 2052 917 2118 Ο
932 2069 1027 2134 quam
1042 2051 1133 2116 dulce
1147 2054 1382 2116 sacramentum

204 2137 576 2224 (lreaturacreatorema
889 2137 1030 2202 Foenum
1044 2134 1149 2201 carnis
1163 2135 1406 2202 intrumentum

204 2221 379 2286 creaturae
392 2219 542 2301 pretium.
561 2225 576 2284 ἐ’
891 2220 1056 2286 Convertit
1068 2217 1228 2286 fidelibus.

149 2301 178 2360 7·
203 2303 350 2385 Frondis,
364 2301 460 2384 iloris,
476 2302 578 2383 nucis,
592 2300 675 2367 roris
824 2309 871 2371 12.
892 2305 978 2383 Quos
994 2303 1053 2369 sub
1069 2302 1182 2369 umbra
1196 2300 1386 2368 sacramenti

204 2388 324 2454 Pietati
338 2388 507 2454 saluatoris
890 2389 966 2454 lesu
980 2388 1084 2470 pascis
1098 2388 1131 2452 in
1145 2386 1308 2472 praesenti

205 2472 393 2554 Congruunt
406 2471 577 2554 mysteria:
892 2471 1178 2538 luovultusatia:

202 2557 306 2623 Frons
323 2561 372 2622 est
386 2555 532 2622 Christus
547 2555 754 2638 protegendo,
891 2557 1048 2638 Splendor
1063 2557 1148 2639 patri
1164 2557 1333 2622 coaeterne

203 2641 280 2706 Flos
296 2640 434 2722 dulcore,
450 2660 515 2706 nux
528 2639 699 2723 pascendo,
890 2639 957 2706 Nos
971 2639 1045 2705 hine
1058 2639 1197 2706 transler
1218 2639 1260 2705 ad
1273 2641 1430 2720 paternae

203 2725 269 2791 Ros
285 2725 414 2791 coelesti
429 2725 543 2806 gratia.
892 2723 1056 2790 Claritatis
1071 2723 1198 2808 gaudia.
1227 2723 1338 2789 Amen.

220 2865 245 2906 a.
264 2849 360 2906 reae.
398 2850 530 2907 cuculos.
547 2849 596 2921 m,
616 2851 677 2906 roa.
696 2878 731 2891 -
749 2821 871 2906 barala
890 2849 934 2905 aa·
951 2849 1054 2905 Daniel
1071 2850 1108 2920 11,
1126 2851 1169 2906 es.

219 2939 245 2994 b.
264 2938 400 2994 Leaart.
436 2941 463 3008 4,
482 2941 508 2994 4.
527 2939 689 3009 crystallum
707 2939 779 2993 Dan.

220 3043 243 3081 o.
261 3024 417 3080 cherlc.
453 3027 536 3096 „Nux
554 3028 616 3096 ipsa
635 3025 774 3082 sensibilis
792 3025 848 3081 tria
866 3027 896 3081 in
913 3041 943 3082 se
962 3026 1153 3096 complectitur
1171 3027 1200 3081 in
1218 3042 1301 3082 unam
1322 3023 1457 3094 quodam-

148 3096 230 3152 modo
249 3103 394 3166 compacta
411 3103 498 3153 totam
516 3098 709 3166 substantiam,
737 3105 835 3166 utpote
863 3098 993 3153 corticem
1019 3100 1194 3168 exteriorem,
1221 3103 1322 3155 testam
1350 3095 1457 3150 cortice

153 3168 300 3238 obtectam,
319 3175 348 3224 et
366 3169 492 3224 nucleum
510 3176 586 3224 testa
605 3169 797 3250 occlusum...
816 3167 870 3223 Per
889 3175 975 3224 totam
994 3184 1092 3224 nucem
1110 3170 1266 3226 insinuatur
1276 3169 1403 3226 Christus
1421 3167 1457 3221 in

149 3253 179 3294 se
198 3257 253 3296 uno
273 3241 408 3309 gemmam
427 3241 610 3310 complectens
629 3246 766 3295 naturam.
803 3239 858 3295 Per
876 3241 1014 3311 corticem,
1034 3256 1105 3310 quae
1124 3255 1226 3310 aspera
1243 3247 1287 3296 est
1306 3247 1455 3295 etamaru·

147 3309 217 3366 lenti
236 3313 321 3380 succi,
341 3311 467 3381 signatur
485 3313 623 3368 acerbitas
641 3312 782 3380 passionis
801 3317 830 3366 et
848 3313 960 3379 mortis;
984 3325 1035 3382 per
1053 3319 1154 3368 testam
1179 3327 1245 3368 voro
1264 3309 1455 3367 duriusculum

149 3389 178 3437 et
196 3384 300 3439 vertice
318 3384 531 3453 circumseptam
551 3381 723 3454 significatur
741 3383 862 3438 humana
877 3383 982 3439 Christi
1001 3390 1102 3438 natura
1121 3385 1228 3439 acerbis
1247 3383 1386 3454 passionis
1404 3379 1455 3434 do-

151 3454 258 3511 loribus
286 3455 421 3523 exposita.
457 3456 584 3524 Denique
609 3469 661 3525 per
687 3454 817 3510 nucleum
844 3455 1051 3511 delitescentem
1076 3455 1106 3509 in
1133 3461 1207 3510 testa
1224 3457 1455 3524 repraesentatur

149 3527 346 3594 augustissima
365 3527 468 3582 Christi
494 3527 627 3582 divinitas
654 3526 793 3582 occultata
819 3525 848 3580 in
872 3541 957 3580 earne
974 3533 1003 3580 et
1020 3525 1189 3582 monmdata
1213 3527 1289 3582 illius
1307 3524 1454 3581 velamine.

148 3595 201 3652 Est
221 3597 293 3653 enim
311 3598 341 3653 in
358 3599 457 3654 nucleo
476 3613 561 3668 sapor
580 3597 727 3653 admodum
746 3597 839 3654 suavis
857 3603 886 3652 et
903 3601 1052 3666 pergratus
1071 3597 1244 3656 edanubusr‘
1282 3596 1453 3654 Glichtov.

368 3907 418 3969 22.
447 3901 634 3995 Jlomiralco
647 3903 740 3989 infra
754 3909 881 3971 octavos
893 3902 1072 3971 nativitatis
1085 3902 1230 3968 Domini.
1317 3873 1318 3876 Ἴ

151 4041 178 4101 1.
204 4033 288 4100 Ante
301 4034 452 4100 thronum
466 4035 655 4115 virginalem
877 4035 975 4100 Redit
989 4035 1030 4101 ad
1044 4035 1213 4104 coelestia:

204 4119 366 4200 Hymnum
381 4119 660 4199 dicatspiritalcm
877 4119 955 4185 Fide
971 4120 1050 4185 duce
1067 4119 1258 4201 inquiratur,

202 4202 267 4267 Per
280 4203 389 4268 orbem
405 4202 556 4268 ecclesia:
876 4203 1031 4286 Diligenti
1048 4203 1209 4270 referatur

202 4286 241 4350 In
255 4303 317 4367 quo
333 4286 426 4366 iacet,
443 4286 527 4351 sicut
540 4286 656 4367 placet,
878 4286 991 4354 Studio
1006 4305 1063 4372 per
1078 4288 1214 4370 singula

203 4369 346 4436 Verbum
360 4369 464 4450 patris
479 4387 557 4436 suae
571 4371 684 4437 matri
821 4377 850 4436 3.
876 4371 960 4449 Quid
975 4373 1014 4437 de
1029 4377 1132 4438 matre
1147 4369 1360 4456 praedicetur,

205 4451 477 4534 Salvapudicitia.
876 4455 961 4532 Quid
975 4456 1016 4520 de
1031 4457 1129 4523 uerbo
1144 4457 1299 4522 recitetur

148 4543 177 4604 2.
205 4536 268 4603 Per
281 4537 342 4602 hoc
356 4539 488 4604 verbum
502 4537 703 4606 incarnatum
873 4539 1214 4608 Pervatumoraoula.

204 4621 313 4688 Genus
327 4621 416 4688 Adae
431 4627 617 4704 reparatum
874 4627 891 4664 *
934 4626 951 4666 *
993 4626 1011 4666 *
