<?xml version="1.0" encoding="UTF-8"?>
<!DOCTYPE html PUBLIC "-//W3C//DTD XHTML 1.0 Transitional//EN"
    "http://www.w3.org/TR/xhtml1/DTD/xhtml1-transitional.dtd">
<html xmlns="http://www.w3.org/1999/xhtml" xml:lang="en" lang="en">
 <head>
  <title>
</title>
<meta http-equiv="Content-Type" content="text/html;charset=utf-8" />
  <meta name='ocr-system' content='tesseract 3.04.00' />
  <meta name='ocr-capabilities' content='ocr_page ocr_carea ocr_par ocr_line ocrx_word'/>
</head>
<body>
  <div class='ocr_page' id='page_1' title='image "./lateinischesequ02kehrgoog_0151.png"; bbox 0 0 3218 5234; ppageno 0'>
   <div class='ocr_carea' id='block_1_1' title="bbox 673 354 903 418">
    <p class='ocr_par' dir='ltr' id='par_1_1' title="bbox 673 354 903 418">
     <span class='ocr_line' id='line_1_1' title="bbox 673 354 903 418; baseline 0.009 -2"><span class='ocrx_word' id='word_1_1' title='bbox 673 354 903 418; x_wconf 72' lang='lat'>—134-</span> 
     </span>
    </p>
   </div>
   <div class='ocr_carea' id='block_1_2' title="bbox 143 527 1364 948">
    <p class='ocr_par' dir='ltr' id='par_1_2' title="bbox 143 527 1364 948">
     <span class='ocr_line' id='line_1_2' title="bbox 143 527 1169 612; baseline 0.004 -16"><span class='ocrx_word' id='word_1_2' title='bbox 143 534 172 596; x_wconf 83' lang='lat'>5.</span> <span class='ocrx_word' id='word_1_3' title='bbox 199 527 286 611; x_wconf 84' lang='lat' dir='ltr'>Ergo</span> <span class='ocrx_word' id='word_1_4' title='bbox 302 527 396 597; x_wconf 85' lang='lat' dir='ltr'>debet</span> <span class='ocrx_word' id='word_1_5' title='bbox 413 531 568 612; x_wconf 82' lang='lat' dir='ltr'>venerari,</span> <span class='ocrx_word' id='word_1_6' title='bbox 872 533 918 600; x_wconf 93' lang='lat' dir='ltr'>Ut</span> <span class='ocrx_word' id='word_1_7' title='bbox 933 535 984 601; x_wconf 90' lang='lat' dir='ltr'>die</span> <span class='ocrx_word' id='word_1_8' title='bbox 999 536 1169 602; x_wconf 80' lang='lat' dir='ltr'>novissima</span> 
     </span>
     <span class='ocr_line' id='line_1_3' title="bbox 197 611 1176 701; baseline 0.007 -23"><span class='ocrx_word' id='word_1_9' title='bbox 197 611 242 678; x_wconf 88' lang='lat' dir='ltr'>Et</span> <span class='ocrx_word' id='word_1_10' title='bbox 257 613 371 697; x_wconf 85' lang='lat' dir='ltr'>devpte</span> <span class='ocrx_word' id='word_1_11' title='bbox 385 615 540 682; x_wconf 79' lang='lat' dir='ltr'>celebrari</span> <span class='ocrx_word' id='word_1_12' title='bbox 871 619 1176 701; x_wconf 83' lang='lat' dir='ltr'>Inneternu&#39;requie</span> 
     </span>
     <span class='ocr_line' id='line_1_4' title="bbox 197 697 1271 786; baseline 0.007 -23"><span class='ocrx_word' id='word_1_13' title='bbox 197 697 591 776; x_wconf 73' lang='lat' dir='ltr'>Dieshteesanetissrinu.</span> <span class='ocrx_word' id='word_1_14' title='bbox 871 702 1010 768; x_wconf 78' lang='lat' dir='ltr'>Nostrae</span> <span class='ocrx_word' id='word_1_15' title='bbox 1024 704 1133 776; x_wconf 78' lang='lat' dir='ltr'>vidant</span> <span class='ocrx_word' id='word_1_16' title='bbox 1147 705 1271 786; x_wconf 83' lang='lat' dir='ltr'>animae</span> 
     </span>
     <span class='ocr_line' id='line_1_5' title="bbox 198 779 1364 872; baseline 0.006 -26"><span class='ocrx_word' id='word_1_17' title='bbox 198 779 606 868; x_wconf 84' lang='lat' dir='ltr'>Celebrantesveneremns</span> <span class='ocrx_word' id='word_1_18' title='bbox 870 786 1223 872; x_wconf 80' lang='lat' dir='ltr'>Redempto‘risgrotia.</span> <span class='ocrx_word' id='word_1_19' title='bbox 1253 790 1364 854; x_wconf 82' lang='lat' dir='ltr'>Amen.</span> 
     </span>
     <span class='ocr_line' id='line_1_6' title="bbox 196 865 1188 948; baseline 0.01 -18"><span class='ocrx_word' id='word_1_20' title='bbox 196 865 240 930; x_wconf 88' lang='lat' dir='ltr'>Et</span> <span class='ocrx_word' id='word_1_21' title='bbox 255 866 369 932; x_wconf 84' lang='lat' dir='ltr'>de‘vote</span> <span class='ocrx_word' id='word_1_22' title='bbox 382 867 591 948; x_wconf 83' lang='lat' dir='ltr'>postulemus,</span> <span class='ocrx_word' id='word_1_23' title='bbox 1185 881 1188 888; x_wconf 74' lang='grc'>“</span> 
     </span>
    </p>
   </div>
   <div class='ocr_carea' id='block_1_3' title="bbox 140 954 1444 1102">
    <p class='ocr_par' dir='ltr' id='par_1_3' title="bbox 140 954 1444 1102">
     <span class='ocr_line' id='line_1_7' title="bbox 212 954 1444 1050; baseline 0.004 -20"><span class='ocrx_word' id='word_1_24' title='bbox 212 991 237 1030; x_wconf 75' lang='lat' dir='ltr'>a.</span> <span class='ocrx_word' id='word_1_25' title='bbox 256 973 351 1028; x_wconf 64' lang='lat' dir='ltr'>rest.</span> <span class='ocrx_word' id='word_1_26' title='bbox 389 973 477 1029; x_wconf 74' lang='lat' dir='ltr'>reare</span> <span class='ocrx_word' id='word_1_27' title='bbox 496 954 603 1044; x_wconf 61' lang='lat' dir='ltr'>pfmr.</span> <span class='ocrx_word' id='word_1_28' title='bbox 622 991 657 1030; x_wconf 70' lang='lat' dir='ltr'>ex</span> <span class='ocrx_word' id='word_1_29' title='bbox 676 977 809 1033; x_wconf 76' lang='lat' dir='ltr'>clienter.</span> <span class='ocrx_word' id='word_1_30' title='bbox 829 977 876 1047; x_wconf 82' lang='lat' dir='ltr'>ru,</span> <span class='ocrx_word' id='word_1_31' title='bbox 898 981 957 1034; x_wconf 84' lang='lat' dir='ltr'>ros.</span> <span class='ocrx_word' id='word_1_32' title='bbox 995 1011 1028 1020; x_wconf 94' lang='lat'>-</span> <span class='ocrx_word' id='word_1_33' title='bbox 1064 981 1165 1036; x_wconf 71' lang='lat' dir='ltr'>uanior</span> <span class='ocrx_word' id='word_1_34' title='bbox 1184 981 1216 1050; x_wconf 89' lang='lat' dir='ltr'>v,</span> <span class='ocrx_word' id='word_1_35' title='bbox 1236 985 1297 1038; x_wconf 82' lang='lat' dir='ltr'>nro.</span> <span class='ocrx_word' id='word_1_36' title='bbox 1322 982 1373 1038; x_wconf 77' lang='lat' dir='ltr'>uo</span> <span class='ocrx_word' id='word_1_37' title='bbox 1391 982 1444 1036; x_wconf 70' lang='lat' dir='ltr'>oen</span> 
     </span>
     <span class='ocr_line' id='line_1_8' title="bbox 140 1045 1188 1102; baseline 0.009 -4"><span class='ocrx_word' id='word_1_38' title='bbox 140 1045 211 1102; x_wconf 77' lang='lat' dir='ltr'>Text</span> <span class='ocrx_word' id='word_1_39' title='bbox 229 1047 302 1102; x_wconf 80' lang='lat' dir='ltr'>auct</span> <span class='ocrx_word' id='word_1_40' title='bbox 320 1062 372 1101; x_wconf 80' lang='lat' dir='ltr'>aus</span> <span class='ocrx_word' id='word_1_41' title='bbox 391 1045 487 1102; x_wconf 85' lang='lat' dir='ltr'>Ciieht.</span> <span class='ocrx_word' id='word_1_42' title='bbox 1185 1049 1188 1056; x_wconf 91' lang='grc'><strong>’</strong></span> 
     </span>
    </p>
   </div>
   <div class='ocr_carea' id='block_1_4' title="bbox 140 1128 1444 1335">
    <p class='ocr_par' dir='ltr' id='par_1_4' title="bbox 140 1128 1444 1335">
     <span class='ocr_line' id='line_1_9' title="bbox 212 1128 1443 1212; baseline 0.002 -23"><span class='ocrx_word' id='word_1_43' title='bbox 212 1135 239 1189; x_wconf 91' lang='lat' dir='ltr'>b.</span> <span class='ocrx_word' id='word_1_44' title='bbox 259 1128 464 1212; x_wconf 60' lang='lat' dir='ltr'>Lesar&#39;teyp&#39;„</span> <span class='ocrx_word' id='word_1_45' title='bbox 484 1138 508 1204; x_wconf 93' lang='lat'>1,</span> <span class='ocrx_word' id='word_1_46' title='bbox 527 1138 552 1188; x_wconf 86' lang='lat'>2.</span> <span class='ocrx_word' id='word_1_47' title='bbox 571 1150 734 1190; x_wconf 83' lang='lat' dir='ltr'>veneremur</span> <span class='ocrx_word' id='word_1_48' title='bbox 753 1135 850 1191; x_wconf 85' lang='lat' dir='ltr'>Glieht.</span> <span class='ocrx_word' id='word_1_49' title='bbox 870 1137 930 1191; x_wconf 81' lang='lat' dir='ltr'>und</span> <span class='ocrx_word' id='word_1_50' title='bbox 947 1152 978 1191; x_wconf 87' lang='lat' dir='ltr'>so</span> <span class='ocrx_word' id='word_1_51' title='bbox 997 1137 1070 1192; x_wconf 76' lang='lat' dir='ltr'>uocis</span> <span class='ocrx_word' id='word_1_52' title='bbox 1089 1140 1113 1208; x_wconf 81' lang='grc' dir='ltr'>ὅ,</span> <span class='ocrx_word' id='word_1_53' title='bbox 1132 1143 1157 1192; x_wconf 86' lang='grc'>4.</span> <span class='ocrx_word' id='word_1_54' title='bbox 1180 1139 1251 1206; x_wconf 89' lang='lat' dir='ltr'>„Sed</span> <span class='ocrx_word' id='word_1_55' title='bbox 1270 1156 1353 1207; x_wconf 85' lang='lat' dir='ltr'>quum</span> <span class='ocrx_word' id='word_1_56' title='bbox 1372 1142 1399 1207; x_wconf 83' lang='lat'>5,</span> <span class='ocrx_word' id='word_1_57' title='bbox 1421 1145 1443 1194; x_wconf 95' lang='lat'>1.</span> 
     </span>
     <span class='ocr_line' id='line_1_10' title="bbox 140 1206 1444 1335; baseline 0.005 -76"><span class='ocrx_word' id='word_1_58' title='bbox 140 1206 372 1335; x_wconf 47' lang='lat' dir='ltr'>giesrsbiglgzrlrizfito</span> <span class='ocrx_word' id='word_1_59' title='bbox 390 1209 486 1260; x_wconf 81' lang='lat' dir='ltr'>utatur</span> <span class='ocrx_word' id='word_1_60' title='bbox 504 1213 596 1276; x_wconf 81' lang='lat' dir='ltr'>poeto,</span> <span class='ocrx_word' id='word_1_61' title='bbox 615 1221 821 1263; x_wconf 80' lang='lat' dir='ltr'>sereremus</span> <span class='ocrx_word' id='word_1_62' title='bbox 841 1215 869 1262; x_wconf 88' lang='lat' dir='ltr'>et</span> <span class='ocrx_word' id='word_1_63' title='bbox 887 1208 933 1263; x_wconf 85' lang='lat' dir='ltr'>hio</span> <span class='ocrx_word' id='word_1_64' title='bbox 951 1209 1089 1264; x_wconf 88' lang='lat' dir='ltr'>restitui.“</span> <span class='ocrx_word' id='word_1_65' title='bbox 1126 1209 1222 1264; x_wconf 83' lang='lat' dir='ltr'>Neole.</span> <span class='ocrx_word' id='word_1_66' title='bbox 1242 1241 1275 1252; x_wconf 92' lang='lat'><em>-</em></span> <span class='ocrx_word' id='word_1_67' title='bbox 1295 1213 1320 1280; x_wconf 82' lang='grc' dir='ltr'>ὅ,</span> <span class='ocrx_word' id='word_1_68' title='bbox 1340 1212 1364 1264; x_wconf 87' lang='grc'>6,</span> <span class='ocrx_word' id='word_1_69' title='bbox 1395 1227 1444 1266; x_wconf 93' lang='lat' dir='ltr'>no·</span> 
     </span>
    </p>
   </div>
   <div class='ocr_carea' id='block_1_5' title="bbox 139 1355 1442 1566">
    <p class='ocr_par' dir='ltr' id='par_1_5' title="bbox 139 1355 1442 1566">
     <span class='ocr_line' id='line_1_11' title="bbox 211 1355 1442 1438; baseline 0 -18"><span class='ocrx_word' id='word_1_70' title='bbox 211 1381 233 1420; x_wconf 84' lang='lat' dir='ltr'>e.</span> <span class='ocrx_word' id='word_1_71' title='bbox 253 1363 409 1420; x_wconf 80' lang='lat' dir='ltr'>Bemert.</span> <span class='ocrx_word' id='word_1_72' title='bbox 428 1355 454 1434; x_wconf 82' lang='lat'>4,</span> <span class='ocrx_word' id='word_1_73' title='bbox 474 1367 498 1420; x_wconf 83' lang='lat'>5.</span> <span class='ocrx_word' id='word_1_74' title='bbox 518 1365 606 1435; x_wconf 79' lang='lat' dir='ltr'>„Tem</span> <span class='ocrx_word' id='word_1_75' title='bbox 625 1363 741 1419; x_wconf 81' lang='lat' dir='ltr'>celebris</span> <span class='ocrx_word' id='word_1_76' title='bbox 761 1369 789 1418; x_wconf 85' lang='lat' dir='ltr'>ot</span> <span class='ocrx_word' id='word_1_77' title='bbox 808 1369 905 1418; x_wconf 80' lang='lat' dir='ltr'>sanctu</span> <span class='ocrx_word' id='word_1_78' title='bbox 924 1363 1034 1432; x_wconf 79' lang='lat' dir='ltr'>(inquit)</span> <span class='ocrx_word' id='word_1_79' title='bbox 1053 1361 1175 1420; x_wconf 74' lang='lat' dir='ltr'>erudies</span> <span class='ocrx_word' id='word_1_80' title='bbox 1194 1365 1313 1434; x_wconf 81' lang='lat' dir='ltr'>Domini,</span> <span class='ocrx_word' id='word_1_81' title='bbox 1338 1373 1370 1421; x_wconf 90' lang='lat' dir='ltr'>ut</span> <span class='ocrx_word' id='word_1_82' title='bbox 1389 1367 1442 1438; x_wconf 92' lang='lat' dir='ltr'>epi·</span> 
     </span>
     <span class='ocr_line' id='line_1_12' title="bbox 140 1433 1442 1509; baseline -0.002 -14"><span class='ocrx_word' id='word_1_83' title='bbox 140 1453 287 1509; x_wconf 84' lang='lat' dir='ltr'>scoporum</span> <span class='ocrx_word' id='word_1_84' title='bbox 305 1439 477 1494; x_wconf 81' lang='lat' dir='ltr'>consecratio</span> <span class='ocrx_word' id='word_1_85' title='bbox 496 1454 551 1493; x_wconf 90' lang='lat' dir='ltr'>non</span> <span class='ocrx_word' id='word_1_86' title='bbox 571 1437 624 1493; x_wconf 84' lang='lat' dir='ltr'>nisi</span> <span class='ocrx_word' id='word_1_87' title='bbox 643 1436 671 1491; x_wconf 91' lang='lat' dir='ltr'>in</span> <span class='ocrx_word' id='word_1_88' title='bbox 690 1435 735 1490; x_wconf 87' lang='lat' dir='ltr'>die</span> <span class='ocrx_word' id='word_1_89' title='bbox 755 1435 891 1490; x_wconf 80' lang='lat' dir='ltr'>dominico</span> <span class='ocrx_word' id='word_1_90' title='bbox 910 1433 971 1490; x_wconf 86' lang='lat' dir='ltr'>fieri</span> <span class='ocrx_word' id='word_1_91' title='bbox 990 1435 1096 1506; x_wconf 83' lang='lat' dir='ltr'>debent,</span> <span class='ocrx_word' id='word_1_92' title='bbox 1116 1435 1267 1492; x_wconf 85' lang='lat' dir='ltr'>seeundum</span> <span class='ocrx_word' id='word_1_93' title='bbox 1282 1439 1442 1493; x_wconf 74' lang='lat' dir='ltr'>canonicam</span> 
     </span>
     <span class='ocr_line' id='line_1_13' title="bbox 139 1508 496 1566; baseline -0.003 -2"><span class='ocrx_word' id='word_1_94' title='bbox 139 1511 344 1566; x_wconf 66' lang='lat' dir='ltr'>sanctionemf‘</span> <span class='ocrx_word' id='word_1_95' title='bbox 364 1508 496 1564; x_wconf 83' lang='lat' dir='ltr'>Olinirt&#39;or.</span> 
     </span>
    </p>
   </div>
   <div class='ocr_carea' id='block_1_6' title="bbox 716 1670 888 1678">
    <p class='ocr_par' dir='ltr' id='par_1_6' title="bbox 716 1670 888 1678">
     <span class='ocr_line' id='line_1_14' title="bbox 716 1670 888 1678; baseline 0.006 -1"><span class='ocrx_word' id='word_1_96' title='bbox 716 1670 888 1678; x_wconf 70' lang='lat'><em>-.-——-—---</em></span> 
     </span>
    </p>
   </div>
   <div class='ocr_carea' id='block_1_7' title="bbox 255 1779 1325 1866">
    <p class='ocr_par' dir='ltr' id='par_1_7' title="bbox 255 1779 1325 1866">
     <span class='ocr_line' id='line_1_15' title="bbox 255 1779 1325 1866; baseline 0.002 -20"><span class='ocrx_word' id='word_1_97' title='bbox 255 1785 323 1846; x_wconf 83' lang='lat'><strong>165.</strong></span> <span class='ocrx_word' id='word_1_98' title='bbox 367 1779 546 1849; x_wconf 73' lang='lat' dir='ltr'><strong><em>Dominicis</em></strong></span> <span class='ocrx_word' id='word_1_99' title='bbox 567 1781 674 1848; x_wconf 81' lang='lat' dir='ltr'>diebus</span> <span class='ocrx_word' id='word_1_100' title='bbox 695 1789 785 1848; x_wconf 78' lang='lat' dir='ltr'>extro</span> <span class='ocrx_word' id='word_1_101' title='bbox 806 1785 972 1849; x_wconf 82' lang='lat' dir='ltr'>adventum</span> <span class='ocrx_word' id='word_1_102' title='bbox 993 1787 1021 1846; x_wconf 84' lang='lat' dir='ltr'>ot</span> <span class='ocrx_word' id='word_1_103' title='bbox 1042 1783 1325 1866; x_wconf 66' lang='lat' dir='ltr'>quadr-apostorum.</span> 
     </span>
    </p>
   </div>
   <div class='ocr_carea' id='block_1_8' title="bbox 137 1913 1395 3258">
    <p class='ocr_par' dir='ltr' id='par_1_8' title="bbox 142 1913 1328 2252">
     <span class='ocr_line' id='line_1_16' title="bbox 142 1913 1328 1982; baseline -0.003 0"><span class='ocrx_word' id='word_1_104' title='bbox 142 1923 168 1982; x_wconf 87' lang='lat'>1.</span> <span class='ocrx_word' id='word_1_105' title='bbox 196 1914 317 1980; x_wconf 81' lang='lat' dir='ltr'><strong>Adesto</strong></span> <span class='ocrx_word' id='word_1_106' title='bbox 333 1913 401 1980; x_wconf 91' lang='lat' dir='ltr'>dies</span> <span class='ocrx_word' id='word_1_107' title='bbox 414 1915 584 1981; x_wconf 80' lang='lat' dir='ltr'>recolenda</span> <span class='ocrx_word' id='word_1_108' title='bbox 814 1920 842 1981; x_wconf 87' lang='lat'>5.</span> <span class='ocrx_word' id='word_1_109' title='bbox 868 1917 905 1980; x_wconf 91' lang='lat' dir='ltr'>In</span> <span class='ocrx_word' id='word_1_110' title='bbox 921 1915 1003 1980; x_wconf 84' lang='lat' dir='ltr'>hone</span> <span class='ocrx_word' id='word_1_111' title='bbox 1017 1915 1099 1980; x_wconf 88' lang='lat' dir='ltr'>diem</span> <span class='ocrx_word' id='word_1_112' title='bbox 1115 1921 1328 1981; x_wconf 79' lang='lat' dir='ltr'>commutatur</span> 
     </span>
     <span class='ocr_line' id='line_1_17' title="bbox 194 1997 1215 2081; baseline 0.001 -18"><span class='ocrx_word' id='word_1_113' title='bbox 194 1997 526 2081; x_wconf 82' lang='lat' dir='ltr'>Mirandisprodigiis,</span> <span class='ocrx_word' id='word_1_114' title='bbox 868 1997 1022 2064; x_wconf 82' lang='lat' dir='ltr'>Iudaismi</span> <span class='ocrx_word' id='word_1_115' title='bbox 1037 1999 1215 2078; x_wconf 83' lang='lat' dir='ltr'>sabbatum,</span> 
     </span>
     <span class='ocr_line' id='line_1_18' title="bbox 195 2081 1298 2170; baseline -0.001 -21"><span class='ocrx_word' id='word_1_116' title='bbox 195 2084 280 2149; x_wconf 79' lang='lat' dir='ltr'>Date</span> <span class='ocrx_word' id='word_1_117' title='bbox 294 2081 387 2147; x_wconf 90' lang='lat' dir='ltr'>nobis</span> <span class='ocrx_word' id='word_1_118' title='bbox 401 2083 583 2148; x_wconf 83' lang='lat' dir='ltr'>venerande</span> <span class='ocrx_word' id='word_1_119' title='bbox 867 2083 904 2148; x_wconf 92' lang='lat' dir='ltr'>In</span> <span class='ocrx_word' id='word_1_120' title='bbox 919 2101 983 2164; x_wconf 84' lang='lat' dir='ltr'>qua</span> <span class='ocrx_word' id='word_1_121' title='bbox 997 2083 1086 2170; x_wconf 82' lang='lat' dir='ltr'>misit</span> <span class='ocrx_word' id='word_1_122' title='bbox 1099 2082 1187 2149; x_wconf 89' lang='lat' dir='ltr'>Deus</span> <span class='ocrx_word' id='word_1_123' title='bbox 1202 2082 1298 2148; x_wconf 84' lang='lat' dir='ltr'>Pater</span> 
     </span>
     <span class='ocr_line' id='line_1_19' title="bbox 195 2165 1269 2252; baseline -0.001 -20"><span class='ocrx_word' id='word_1_124' title='bbox 195 2167 329 2232; x_wconf 87' lang='lat' dir='ltr'>Devotis</span> <span class='ocrx_word' id='word_1_125' title='bbox 344 2165 516 2248; x_wconf 86' lang='lat' dir='ltr'>obsequiis.</span> <span class='ocrx_word' id='word_1_126' title='bbox 867 2167 1042 2232; x_wconf 79' lang='lat' dir='ltr'>Aeternum</span> <span class='ocrx_word' id='word_1_127' title='bbox 1058 2167 1269 2252; x_wconf 76' lang='lat' dir='ltr'>Pureelytum.</span> 
     </span>
    </p>

    <p class='ocr_par' dir='ltr' id='par_1_9' title="bbox 139 2249 1242 2585">
     <span class='ocr_line' id='line_1_20' title="bbox 139 2249 1242 2336; baseline 0.002 -20"><span class='ocrx_word' id='word_1_128' title='bbox 139 2256 169 2316; x_wconf 87' lang='lat'>2.</span> <span class='ocrx_word' id='word_1_129' title='bbox 194 2249 283 2316; x_wconf 85' lang='lat' dir='ltr'>Haec</span> <span class='ocrx_word' id='word_1_130' title='bbox 298 2249 421 2315; x_wconf 89' lang='lat' dir='ltr'>dierum</span> <span class='ocrx_word' id='word_1_131' title='bbox 434 2250 539 2332; x_wconf 80' lang='lat' dir='ltr'>prima</span> <span class='ocrx_word' id='word_1_132' title='bbox 553 2249 631 2330; x_wconf 89' lang='lat' dir='ltr'>dies,</span> <span class='ocrx_word' id='word_1_133' title='bbox 813 2255 841 2314; x_wconf 87' lang='lat'>6.</span> <span class='ocrx_word' id='word_1_134' title='bbox 867 2249 928 2332; x_wconf 83' lang='lat' dir='ltr'>Est</span> <span class='ocrx_word' id='word_1_135' title='bbox 942 2257 1074 2336; x_wconf 82' lang='lat' dir='ltr'>septeno</span> <span class='ocrx_word' id='word_1_136' title='bbox 1089 2253 1157 2318; x_wconf 86' lang='lat' dir='ltr'>dies</span> <span class='ocrx_word' id='word_1_137' title='bbox 1171 2253 1242 2334; x_wconf 82' lang='lat' dir='ltr'>isto,</span> 
     </span>
     <span class='ocr_line' id='line_1_21' title="bbox 193 2332 1198 2416; baseline 0.001 -17"><span class='ocrx_word' id='word_1_138' title='bbox 193 2335 231 2400; x_wconf 94' lang='lat' dir='ltr'>In</span> <span class='ocrx_word' id='word_1_139' title='bbox 246 2351 310 2416; x_wconf 85' lang='lat' dir='ltr'>qua</span> <span class='ocrx_word' id='word_1_140' title='bbox 325 2333 410 2400; x_wconf 90' lang='lat' dir='ltr'>orbis</span> <span class='ocrx_word' id='word_1_141' title='bbox 430 2334 566 2414; x_wconf 89' lang='lat' dir='ltr'>cuditur,</span> <span class='ocrx_word' id='word_1_142' title='bbox 867 2332 956 2410; x_wconf 82' lang='lat' dir='ltr'>Quae</span> <span class='ocrx_word' id='word_1_143' title='bbox 970 2334 1060 2400; x_wconf 89' lang='lat' dir='ltr'>iubet</span> <span class='ocrx_word' id='word_1_144' title='bbox 1074 2355 1094 2400; x_wconf 83' lang='lat' dir='ltr'>n</span> <span class='ocrx_word' id='word_1_145' title='bbox 1113 2335 1198 2400; x_wconf 86' lang='lat' dir='ltr'>vitiis</span> 
     </span>
     <span class='ocr_line' id='line_1_22' title="bbox 193 2413 1205 2502; baseline 0.001 -19"><span class='ocrx_word' id='word_1_146' title='bbox 193 2418 367 2501; x_wconf 84' lang='lat' dir='ltr'>Postquam</span> <span class='ocrx_word' id='word_1_147' title='bbox 381 2423 473 2501; x_wconf 85' lang='lat' dir='ltr'>pater</span> <span class='ocrx_word' id='word_1_148' title='bbox 490 2416 752 2502; x_wconf 83' lang='lat' dir='ltr'>prothoplaustus</span> <span class='ocrx_word' id='word_1_149' title='bbox 868 2413 999 2484; x_wconf 84' lang='lat' dir='ltr'>Cessare</span> <span class='ocrx_word' id='word_1_150' title='bbox 1015 2423 1048 2484; x_wconf 89' lang='lat' dir='ltr'>et</span> <span class='ocrx_word' id='word_1_151' title='bbox 1062 2417 1205 2485; x_wconf 77' lang='lat' dir='ltr'>exultare</span> 
     </span>
     <span class='ocr_line' id='line_1_23' title="bbox 193 2501 1162 2585; baseline 0 -17"><span class='ocrx_word' id='word_1_152' title='bbox 193 2503 242 2568; x_wconf 88' lang='lat' dir='ltr'>Ex</span> <span class='ocrx_word' id='word_1_153' title='bbox 257 2503 351 2585; x_wconf 85' lang='lat' dir='ltr'>culpo</span> <span class='ocrx_word' id='word_1_154' title='bbox 368 2501 524 2569; x_wconf 88' lang='lat' dir='ltr'>deiicitur.</span> <span class='ocrx_word' id='word_1_155' title='bbox 867 2501 989 2568; x_wconf 86' lang='lat' dir='ltr'>Divinis</span> <span class='ocrx_word' id='word_1_156' title='bbox 1003 2503 1162 2584; x_wconf 83' lang='lat' dir='ltr'>tripudiis.</span> 
     </span>
    </p>

    <p class='ocr_par' dir='ltr' id='par_1_10' title="bbox 139 2583 1312 2926">
     <span class='ocr_line' id='line_1_24' title="bbox 139 2583 1306 2674; baseline 0 -22"><span class='ocrx_word' id='word_1_157' title='bbox 139 2593 167 2652; x_wconf 89' lang='lat'>3.</span> <span class='ocrx_word' id='word_1_158' title='bbox 194 2585 294 2664; x_wconf 84' lang='lat' dir='ltr'>Quem</span> <span class='ocrx_word' id='word_1_159' title='bbox 308 2603 461 2666; x_wconf 79' lang='lat' dir='ltr'>reparans</span> <span class='ocrx_word' id='word_1_160' title='bbox 476 2585 564 2651; x_wconf 92' lang='lat' dir='ltr'>Dens</span> <span class='ocrx_word' id='word_1_161' title='bbox 578 2583 704 2668; x_wconf 86' lang='lat' dir='ltr'>lapsum</span> <span class='ocrx_word' id='word_1_162' title='bbox 813 2591 841 2650; x_wconf 82' lang='lat'>7.</span> <span class='ocrx_word' id='word_1_163' title='bbox 866 2585 955 2651; x_wconf 77' lang='lat' dir='ltr'>Loxa</span> <span class='ocrx_word' id='word_1_164' title='bbox 969 2586 1079 2674; x_wconf 85' lang='lat' dir='ltr'>culpas</span> <span class='ocrx_word' id='word_1_165' title='bbox 1095 2587 1306 2668; x_wconf 82' lang='lat' dir='ltr'>septennales,</span> 
     </span>
     <span class='ocr_line' id='line_1_25' title="bbox 193 2667 1251 2752; baseline 0.004 -18"><span class='ocrx_word' id='word_1_166' title='bbox 193 2667 263 2736; x_wconf 83' lang='lat' dir='ltr'>Hae</span> <span class='ocrx_word' id='word_1_167' title='bbox 278 2669 330 2734; x_wconf 91' lang='lat' dir='ltr'>die</span> <span class='ocrx_word' id='word_1_168' title='bbox 345 2669 558 2752; x_wconf 80' lang='lat' dir='ltr'>progreditur,</span> <span class='ocrx_word' id='word_1_169' title='bbox 867 2668 990 2746; x_wconf 85' lang='lat' dir='ltr'>Quibus</span> <span class='ocrx_word' id='word_1_170' title='bbox 1006 2673 1039 2734; x_wconf 87' lang='lat' dir='ltr'>te</span> <span class='ocrx_word' id='word_1_171' title='bbox 1054 2668 1251 2752; x_wconf 85' lang='lat' dir='ltr'>offendimus,</span> 
     </span>
     <span class='ocr_line' id='line_1_26' title="bbox 192 2746 1312 2840; baseline 0.002 -22"><span class='ocrx_word' id='word_1_172' title='bbox 192 2754 242 2818; x_wconf 90' lang='lat' dir='ltr'>De</span> <span class='ocrx_word' id='word_1_173' title='bbox 256 2755 379 2836; x_wconf 83' lang='lat' dir='ltr'>virgine</span> <span class='ocrx_word' id='word_1_174' title='bbox 393 2753 496 2820; x_wconf 82' lang='lat' dir='ltr'>iaetus</span> <span class='ocrx_word' id='word_1_175' title='bbox 511 2754 606 2819; x_wconf 91' lang='lat' dir='ltr'>homo</span> <span class='ocrx_word' id='word_1_176' title='bbox 867 2746 929 2840; x_wconf 81' lang='lat' dir='ltr'>Qui</span> <span class='ocrx_word' id='word_1_177' title='bbox 943 2758 1110 2838; x_wconf 86' lang='lat' dir='ltr'>septenum</span> <span class='ocrx_word' id='word_1_178' title='bbox 1125 2753 1312 2822; x_wconf 83' lang='lat' dir='ltr'>festinamus</span> 
     </span>
     <span class='ocr_line' id='line_1_27' title="bbox 191 2833 1214 2926; baseline 0 -23"><span class='ocrx_word' id='word_1_179' title='bbox 191 2837 389 2920; x_wconf 85' lang='lat' dir='ltr'>Redemptor</span> <span class='ocrx_word' id='word_1_180' title='bbox 403 2837 599 2920; x_wconf 82' lang='lat' dir='ltr'>producitur.</span> <span class='ocrx_word' id='word_1_181' title='bbox 867 2835 939 2926; x_wconf 76' lang='lat' dir='ltr'>Tipi</span> <span class='ocrx_word' id='word_1_182' title='bbox 953 2833 1214 2926; x_wconf 73' lang='lat' dir='ltr'>obsequentibus.</span> 
     </span>
    </p>

    <p class='ocr_par' dir='ltr' id='par_1_11' title="bbox 137 2912 1395 3258">
     <span class='ocr_line' id='line_1_28' title="bbox 137 2912 1207 3010; baseline 0.002 -24"><span class='ocrx_word' id='word_1_183' title='bbox 137 2926 166 2986; x_wconf 82' lang='lat'>4.</span> <span class='ocrx_word' id='word_1_184' title='bbox 192 2921 241 2988; x_wconf 86' lang='lat' dir='ltr'>Tu</span> <span class='ocrx_word' id='word_1_185' title='bbox 254 2923 398 3004; x_wconf 82' lang='lat' dir='ltr'>resurgis</span> <span class='ocrx_word' id='word_1_186' title='bbox 411 2923 444 2988; x_wconf 91' lang='lat' dir='ltr'>in</span> <span class='ocrx_word' id='word_1_187' title='bbox 459 2923 519 2988; x_wconf 80' lang='lat' dir='ltr'>hac</span> <span class='ocrx_word' id='word_1_188' title='bbox 534 2921 585 2986; x_wconf 89' lang='lat' dir='ltr'>die</span> <span class='ocrx_word' id='word_1_189' title='bbox 812 2927 842 2986; x_wconf 82' lang='lat'>8.</span> <span class='ocrx_word' id='word_1_190' title='bbox 867 2912 1116 3010; x_wconf 73' lang='lat' dir='ltr'>Emittedetuo</span> <span class='ocrx_word' id='word_1_191' title='bbox 1130 2923 1207 2989; x_wconf 90' lang='lat' dir='ltr'>sede</span> 
     </span>
     <span class='ocr_line' id='line_1_29' title="bbox 193 3005 1286 3091; baseline 0.001 -20"><span class='ocrx_word' id='word_1_192' title='bbox 193 3007 257 3071; x_wconf 83' lang='lat' dir='ltr'>Leo</span> <span class='ocrx_word' id='word_1_193' title='bbox 273 3007 313 3073; x_wconf 90' lang='lat' dir='ltr'>de</span> <span class='ocrx_word' id='word_1_194' title='bbox 327 3008 414 3074; x_wconf 89' lang='lat' dir='ltr'>tribu</span> <span class='ocrx_word' id='word_1_195' title='bbox 428 3005 523 3084; x_wconf 85' lang='lat' dir='ltr'>Iuda;</span> <span class='ocrx_word' id='word_1_196' title='bbox 868 3005 997 3088; x_wconf 83' lang='lat' dir='ltr'>Septem</span> <span class='ocrx_word' id='word_1_197' title='bbox 1013 3007 1096 3082; x_wconf 82' lang='lat' dir='ltr'>done</span> <span class='ocrx_word' id='word_1_198' title='bbox 1111 3006 1257 3091; x_wconf 87' lang='lat' dir='ltr'>Spiritus,</span> <span class='ocrx_word' id='word_1_199' title='bbox 1282 3067 1286 3080; x_wconf 88' lang='grc'>,</span> 
     </span>
     <span class='ocr_line' id='line_1_30' title="bbox 194 3087 1373 3172; baseline 0 -18"><span class='ocrx_word' id='word_1_200' title='bbox 194 3087 241 3156; x_wconf 87' lang='lat' dir='ltr'>Ut</span> <span class='ocrx_word' id='word_1_201' title='bbox 254 3087 620 3172; x_wconf 82' lang='lat' dir='ltr'>surgemusapeeeutis,</span> <span class='ocrx_word' id='word_1_202' title='bbox 867 3088 1373 3172; x_wconf 70' lang='lat' dir='ltr'>Postseptonumritnenostrae</span> 
     </span>
     <span class='ocr_line' id='line_1_31' title="bbox 192 3173 1395 3258; baseline -0.002 -19"><span class='ocrx_word' id='word_1_203' title='bbox 192 3173 268 3258; x_wconf 89' lang='lat' dir='ltr'>lpse</span> <span class='ocrx_word' id='word_1_204' title='bbox 283 3177 374 3242; x_wconf 88' lang='lat' dir='ltr'>nobis</span> <span class='ocrx_word' id='word_1_205' title='bbox 390 3173 542 3240; x_wconf 83' lang='lat' dir='ltr'>condona.</span> <span class='ocrx_word' id='word_1_206' title='bbox 867 3173 968 3254; x_wconf 81' lang='lat' dir='ltr'>Iunge</span> <span class='ocrx_word' id='word_1_207' title='bbox 982 3191 1041 3240; x_wconf 89' lang='lat' dir='ltr'>nos</span> <span class='ocrx_word' id='word_1_208' title='bbox 1056 3174 1256 3240; x_wconf 85' lang='lat' dir='ltr'>coelestibus.</span> <span class='ocrx_word' id='word_1_209' title='bbox 1275 3173 1395 3238; x_wconf 83' lang='lat' dir='ltr'>&#39;Amen</span> 
     </span>
    </p>
   </div>
   <div class='ocr_carea' id='block_1_9' title="bbox 207 3279 721 3342">
    <p class='ocr_par' dir='ltr' id='par_1_12' title="bbox 207 3279 721 3342">
     <span class='ocr_line' id='line_1_32' title="bbox 207 3279 721 3342; baseline 0.002 -7"><span class='ocrx_word' id='word_1_210' title='bbox 207 3279 303 3340; x_wconf 78' lang='lat' dir='ltr'>Text.</span> <span class='ocrx_word' id='word_1_211' title='bbox 339 3283 417 3342; x_wconf 75' lang='lat' dir='ltr'>idios.</span> <span class='ocrx_word' id='word_1_212' title='bbox 436 3281 514 3339; x_wconf 85' lang='lat' dir='ltr'>irntr.</span> <span class='ocrx_word' id='word_1_213' title='bbox 534 3281 624 3340; x_wconf 83' lang='lat' dir='ltr'>Puris.</span> <span class='ocrx_word' id='word_1_214' title='bbox 644 3281 721 3336; x_wconf 79' lang='lat'>1520.</span> 
     </span>
    </p>
   </div>
   <div class='ocr_carea' id='block_1_10' title="bbox 681 3427 878 3437">
    <p class='ocr_par' dir='ltr' id='par_1_13' title="bbox 681 3427 878 3437">
     <span class='ocr_line' id='line_1_33' title="bbox 681 3427 878 3437; baseline -0.01 0"><span class='ocrx_word' id='word_1_215' title='bbox 681 3427 878 3437; x_wconf 77' lang='lat'>-—.---—-—-—=</span> 
     </span>
    </p>
   </div>
   <div class='ocr_carea' id='block_1_11' title="bbox 548 3539 1093 3730">
    <p class='ocr_par' dir='ltr' id='par_1_14' title="bbox 548 3539 1093 3730">
     <span class='ocr_line' id='line_1_34' title="bbox 574 3539 1093 3623; baseline -0.004 -16"><span class='ocrx_word' id='word_1_216' title='bbox 574 3546 642 3608; x_wconf 88' lang='grc' dir='ltr'>166.Ι</span> <span class='ocrx_word' id='word_1_217' title='bbox 665 3539 716 3607; x_wconf 88' lang='lat' dir='ltr'>De</span> <span class='ocrx_word' id='word_1_218' title='bbox 728 3541 847 3607; x_wconf 72' lang='lat' dir='ltr'>sanetis</span> <span class='ocrx_word' id='word_1_219' title='bbox 860 3541 1002 3623; x_wconf 68' lang='lat' dir='ltr'>Ampelio.</span> <span class='ocrx_word' id='word_1_220' title='bbox 1089 3577 1093 3584; x_wconf 94' lang='lat'>·</span> 
     </span>
     <span class='ocr_line' id='line_1_35' title="bbox 548 3657 1027 3730; baseline -0.004 -14"><span class='ocrx_word' id='word_1_221' title='bbox 548 3661 666 3730; x_wconf 80' lang='lat' dir='ltr'>(Auctor</span> <span class='ocrx_word' id='word_1_222' title='bbox 684 3665 728 3714; x_wconf 85' lang='lat' dir='ltr'>est</span> <span class='ocrx_word' id='word_1_223' title='bbox 744 3657 855 3716; x_wconf 75' lang='lat' dir='ltr'>Notlrer</span> <span class='ocrx_word' id='word_1_224' title='bbox 873 3657 1027 3728; x_wconf 83' lang='lat' dir='ltr'>Bolbulus.)</span> 
     </span>
    </p>
   </div>
   <div class='ocr_carea' id='block_1_12' title="bbox 136 3765 982 3944">
    <p class='ocr_par' dir='ltr' id='par_1_15' title="bbox 136 3765 982 3944">
     <span class='ocr_line' id='line_1_36' title="bbox 136 3765 982 3852; baseline -0.008 -19"><span class='ocrx_word' id='word_1_225' title='bbox 136 3767 329 3848; x_wconf 80' lang='lat' dir='ltr'>Angelorum</span> <span class='ocrx_word' id='word_1_226' title='bbox 344 3765 422 3832; x_wconf 89' lang='lat' dir='ltr'>ordo</span> <span class='ocrx_word' id='word_1_227' title='bbox 439 3783 538 3832; x_wconf 82' lang='lat' dir='ltr'>sacer.</span> <span class='ocrx_word' id='word_1_228' title='bbox 978 3843 982 3852; x_wconf 29' lang='grc' dir='ltr'>Ι</span> 
     </span>
     <span class='ocr_line' id='line_1_37' title="bbox 206 3871 982 3944; baseline -0.001 -16"><span class='ocrx_word' id='word_1_229' title='bbox 206 3873 302 3931; x_wconf 76' lang='lat' dir='ltr'>Text.</span> <span class='ocrx_word' id='word_1_230' title='bbox 339 3875 490 3944; x_wconf 75' lang='lat' dir='ltr'>Senubiger</span> <span class='ocrx_word' id='word_1_231' title='bbox 507 3873 536 3930; x_wconf 81' lang='lat' dir='ltr'>S.</span> <span class='ocrx_word' id='word_1_232' title='bbox 555 3876 598 3928; x_wconf 73' lang='lat'>46.</span> <span class='ocrx_word' id='word_1_233' title='bbox 611 3871 697 3942; x_wconf 73' lang='lat' dir='ltr'>sutri</span> <span class='ocrx_word' id='word_1_234' title='bbox 716 3873 790 3928; x_wconf 65' lang='lat' dir='ltr'>diest</span> <span class='ocrx_word' id='word_1_235' title='bbox 808 3871 885 3927; x_wconf 68' lang='lat' dir='ltr'>Zeila</span> <span class='ocrx_word' id='word_1_236' title='bbox 903 3889 948 3928; x_wconf 78' lang='lat' dir='ltr'>an.</span> <span class='ocrx_word' id='word_1_237' title='bbox 979 3873 982 3882; x_wconf 95' lang='lat'>&#39;</span> 
     </span>
    </p>
   </div>
   <div class='ocr_carea' id='block_1_13' title="bbox 442 4127 1137 4320">
    <p class='ocr_par' dir='ltr' id='par_1_16' title="bbox 442 4127 1137 4320">
     <span class='ocr_line' id='line_1_38' title="bbox 442 4127 1137 4213; baseline 0.003 -19"><span class='ocrx_word' id='word_1_238' title='bbox 442 4135 510 4196; x_wconf 87' lang='grc'><strong>167.</strong></span> <span class='ocrx_word' id='word_1_239' title='bbox 554 4127 607 4194; x_wconf 89' lang='lat' dir='ltr'>De</span> <span class='ocrx_word' id='word_1_240' title='bbox 627 4137 737 4196; x_wconf 80' lang='lat' dir='ltr'>saneto</span> <span class='ocrx_word' id='word_1_241' title='bbox 759 4129 919 4211; x_wconf 68' lang='lat' dir='ltr'>Misiaeie</span> <span class='ocrx_word' id='word_1_242' title='bbox 941 4128 1137 4213; x_wconf 78' lang='lat' dir='ltr'>archoopelo.</span> 
     </span>
     <span class='ocr_line' id='line_1_39' title="bbox 551 4246 1028 4320; baseline 0.002 -18"><span class='ocrx_word' id='word_1_243' title='bbox 551 4246 667 4317; x_wconf 78' lang='lat' dir='ltr'>(Auctor</span> <span class='ocrx_word' id='word_1_244' title='bbox 686 4257 729 4304; x_wconf 84' lang='lat' dir='ltr'>est</span> <span class='ocrx_word' id='word_1_245' title='bbox 746 4249 855 4306; x_wconf 81' lang='lat' dir='ltr'>Notkor</span> <span class='ocrx_word' id='word_1_246' title='bbox 873 4247 1028 4320; x_wconf 79' lang='lat' dir='ltr'>Balbulns.)</span> 
     </span>
    </p>
   </div>
   <div class='ocr_carea' id='block_1_14' title="bbox 132 4359 1435 4772">
    <p class='ocr_par' dir='ltr' id='par_1_17' title="bbox 132 4359 1435 4772">
     <span class='ocr_line' id='line_1_40' title="bbox 135 4359 1434 4450; baseline 0 -18"><span class='ocrx_word' id='word_1_247' title='bbox 135 4371 162 4432; x_wconf 91' lang='lat'>1.</span> <span class='ocrx_word' id='word_1_248' title='bbox 185 4367 339 4448; x_wconf 79' lang='lat' dir='ltr'>Magnum</span> <span class='ocrx_word' id='word_1_249' title='bbox 352 4371 386 4431; x_wconf 86' lang='lat' dir='ltr'>te</span> <span class='ocrx_word' id='word_1_250' title='bbox 400 4365 587 4432; x_wconf 78' lang='lat' dir='ltr'>Michaelem</span> <span class='ocrx_word' id='word_1_251' title='bbox 603 4359 773 4433; x_wconf 76' lang='lat' dir='ltr'>habentem</span> <span class='ocrx_word' id='word_1_252' title='bbox 794 4367 909 4450; x_wconf 87' lang='lat' dir='ltr'>pignus</span> <span class='ocrx_word' id='word_1_253' title='bbox 932 4365 1047 4431; x_wconf 82' lang='lat' dir='ltr'>nivium</span> <span class='ocrx_word' id='word_1_254' title='bbox 1067 4371 1257 4448; x_wconf 86' lang='lat' dir='ltr'>nostrornm,</span> <span class='ocrx_word' id='word_1_255' title='bbox 1281 4367 1307 4432; x_wconf 91' lang='lat' dir='ltr'>si</span> <span class='ocrx_word' id='word_1_256' title='bbox 1328 4371 1434 4434; x_wconf 83' lang='lat' dir='ltr'>tamen</span> 
     </span>
     <span class='ocr_line' id='line_1_41' title="bbox 283 4447 815 4530; baseline 0 -14"><span class='ocrx_word' id='word_1_257' title='bbox 283 4452 366 4516; x_wconf 82' lang='lat' dir='ltr'>serui</span> <span class='ocrx_word' id='word_1_258' title='bbox 381 4447 567 4516; x_wconf 83' lang='lat' dir='ltr'>studeamus</span> <span class='ocrx_word' id='word_1_259' title='bbox 582 4467 654 4516; x_wconf 87' lang='lat' dir='ltr'>esse</span> <span class='ocrx_word' id='word_1_260' title='bbox 668 4451 736 4530; x_wconf 86' lang='lat' dir='ltr'>Dei,</span> <span class='ocrx_word' id='word_1_261' title='bbox 808 4525 815 4530; x_wconf 48' lang='grc'><strong>,</strong></span> 
     </span>
     <span class='ocr_line' id='line_1_42' title="bbox 132 4531 1314 4616; baseline -0.001 -18"><span class='ocrx_word' id='word_1_262' title='bbox 132 4538 161 4600; x_wconf 84' lang='lat'>2.</span> <span class='ocrx_word' id='word_1_263' title='bbox 184 4531 357 4616; x_wconf 86' lang='lat' dir='ltr'>Poscimus&#39;,</span> <span class='ocrx_word' id='word_1_264' title='bbox 372 4539 410 4600; x_wconf 90' lang='lat' dir='ltr'>ut</span> <span class='ocrx_word' id='word_1_265' title='bbox 423 4533 488 4600; x_wconf 87' lang='lat' dir='ltr'>tuis</span> <span class='ocrx_word' id='word_1_266' title='bbox 503 4533 651 4616; x_wconf 82' lang='lat' dir='ltr'>precibus</span> <span class='ocrx_word' id='word_1_267' title='bbox 667 4539 1021 4610; x_wconf 76' lang='lat' dir='ltr'>consortes&#39;mereamur</span> <span class='ocrx_word' id='word_1_268' title='bbox 1035 4533 1114 4598; x_wconf 87' lang='lat' dir='ltr'>fieri.</span> <span class='ocrx_word' id='word_1_269' title='bbox 1312 4577 1314 4583; x_wconf 68' lang='lat'>,</span> 
     </span>
     <span class='ocr_line' id='line_1_43' title="bbox 132 4617 1435 4770; baseline -0.001 -85"><span class='ocrx_word' id='word_1_270' title='bbox 132 4624 160 4685; x_wconf 88' lang='grc'>3.</span> <span class='ocrx_word' id='word_1_271' title='bbox 183 4617 528 4770; x_wconf 47' lang='lat' dir='ltr'>Eorungffltitudnis</span> <span class='ocrx_word' id='word_1_272' title='bbox 542 4617 721 4700; x_wconf 81' lang='lat' dir='ltr'>ineffabilis,</span> <span class='ocrx_word' id='word_1_273' title='bbox 736 4620 878 4701; x_wconf 86' lang='lat' dir='ltr'>quamin</span> <span class='ocrx_word' id='word_1_274' title='bbox 893 4617 953 4684; x_wconf 88' lang='lat' dir='ltr'>Dei</span> <span class='ocrx_word' id='word_1_275' title='bbox 970 4623 1143 4700; x_wconf 83' lang='lat' dir='ltr'>conspectu</span> <span class='ocrx_word' id='word_1_276' title='bbox 1162 4633 1216 4684; x_wconf 88' lang='lat' dir='ltr'>eos</span> <span class='ocrx_word' id='word_1_277' title='bbox 1231 4617 1347 4685; x_wconf 82' lang='lat' dir='ltr'>habere</span> <span class='ocrx_word' id='word_1_278' title='bbox 1362 4636 1435 4686; x_wconf 86' lang='lat' dir='ltr'>con-</span> 
     </span>
     <span class='ocr_line' id='line_1_44' title="bbox 371 4723 419 4772; baseline -0.042 -1"><span class='ocrx_word' id='word_1_279' title='bbox 371 4723 419 4772; x_wconf 91' lang='lat' dir='ltr'>us.</span> 
     </span>
    </p>
   </div>
   <div class='ocr_carea' id='block_1_15' title="bbox 0 0 1614 5234">
    <p class='ocr_par' dir='ltr' id='par_1_18' title="bbox 0 0 1614 5234">
     <span class='ocr_line' id='line_1_45' title="bbox 0 0 1614 5234; baseline 0 2"><span class='ocrx_word' id='word_1_280' title='bbox 0 0 1614 5234; x_wconf 95' lang='lat' dir='ltr'> </span> 
     </span>
    </p>
   </div>
  </div>
 </body>
</html>
