3266 5222
671 289 901 352 „201-

140 467 166 527 7.
190 461 264 528 Iosu
280 463 366 530 mitis
380 469 413 532 et
427 465 573 548 benigno,
811 475 840 538 8.
866 469 973 554 Potor,
989 471 1044 554 fili,
1060 477 1248 561 consolator,

193 546 292 613 Cuius
307 565 420 614 nomen
436 555 485 616 ost
498 549 634 632 insigne,
865 553 957 622 Unns
972 555 1068 639 Deus,
1085 562 1274 630 onusdotor

191 629 303 712 Doleo,
319 631 530 714 salutiferum,
866 638 1071 708 Mnltiiormis
1086 647 1226 724 monos:

193 715 311 780 Munus
326 715 418 782 nobis
434 716 475 782 do
489 717 603 786 solutis
865 721 940 788 Solo
955 731 1035 791 nutu
1050 728 1182 810 pietatis

191 798 229 863 In
244 798 370 867 deiectu
385 801 579 884 constitutis,
865 805 1001 876 Focnos
1017 811 1150 892 simplae
1165 815 1320 882 trinitotis

191 882 361 950 Plenitudo
375 903 552 952 munorum.
864 890 942 957 Post
956 911 1043 974 sporn
1057 893 1120 962 irui
1135 899 1248 980 specio.

205 989 302 1048 Text.
339 993 430 1050 Morsl
448 993 500 1052 No.
521 997 581 1050 175.
599 993 628 1052 S.
647 997 708 1052 112.
727 1011 793 1050 ooo:
812 996 889 1055 mss.
908 999 1095 1059 Athmtonsi
1115 1007 1191 1061 1681.

563 1285 634 1348 261.
678 1279 729 1347 De
749 1289 862 1350 sooria
883 1283 1009 1352 Mario.

135 1421 162 1478 1.
189 1411 295 1478 Psalle
309 1412 422 1478 ludens
435 1413 549 1479 Thotis

188 1494 232 1561 Et
245 1497 346 1563 melos
360 1497 457 1564 corda
470 1499 568 1564 nobili
582 1515 738 1583 eonoreps

188 1580 226 1644 ln
242 1586 333 1646 tanto
347 1581 408 1646 Dei
422 1585 535 1649 matris
551 1583 666 1665 gratio,

188 1662 260 1740 Qus
274 1666 369 1748 pleno
384 1669 534 1734 monebat
548 1685 605 1750 por
619 1667 755 1733 soeculo.
791 1669 883 1740 illel.

131 1749 162 1810 2.
188 1747 264 1815 Post
276 1751 403 1834 paterni
419 1751 507 1816 vorbi
522 1756 648 1836 partum

187 1831 287 1914 Virgo
302 1833 464 1916 inviolata,
480 1833 593 1915 Morio,

187 1917 232 1982 Et
245 1917 368 1984 intorto
381 1920 596 2000 permansisti.

187 1999 264 2067 Post
278 2009 405 2085 portum
420 2004 510 2084 virgo
525 2002 679 2069 inviolato
693 2007 905 2099 permansisti.

130 2083 162 2144 3.
188 2085 246 2151 Dei
261 2086 397 2168 genitrix
412 2085 488 2168 quio
502 2087 549 2152 sio
562 2087 707 2153 meruisti
722 2085 800 2167 fieri,

187 2169 327 2251 ideoque
341 2170 464 2251 fragilis
479 2189 600 2238 memor
614 2179 685 2237 osto
699 2173 818 2238 sooouii

187 2253 231 2319 Et
246 2256 346 2320 totius
360 2254 491 2322 sceleris
506 2257 627 2322 oratrix

187 2337 246 2403 Dei
262 2339 409 2420 genitrix.

129 2421 161 2480 4·
186 2422 352 2488 Intoroodo
368 2423 559 2505 prorostris
575 2421 629 2508 pio
643 2423 768 2488 delictis

186 2505 229 2571 Et
244 2507 439 2572 multimodis
453 2507 546 2572 simul
560 2507 720 2590 nequitiis,

187 2589 248 2666 Qui
265 2591 384 2656 nostris
399 2608 462 2656 non
477 2591 620 2658 valemus
635 2591 767 2672 meritis,

185 2672 262 2740 Tuis
276 2675 462 2740 adiuvemur
475 2673 644 2756 suffragiis.

203 2783 298 2840 Text.
336 2785 487 2854 Sohnbigor
505 2785 558 2842 No.
577 2787 620 2840 53.
640 2785 700 2840 ond
716 2783 807 2840 Morol
826 2785 879 2841 No.
901 2789 959 2842 164.
978 2785 1079 2842 8100.
1099 2789 1177 2844 bride
1195 2807 1211 2848 o
1230 2793 1295 2848 (iod.
1314 2794 1430 2851 Einsidl.

128 2855 177 2910 Fr.
198 2859 221 2910 1.
242 2857 268 2912 rt.
287 2857 306 2910 i.
326 2855 378 2910 Hs.
397 2873 434 2912 ru
452 2853 616 2912 Einoieddo
635 2855 688 2914 No.
708 2857 768 2912 866.
788 2859 831 2910 12.
849 2855 950 2912 saort.
969 2859 1021 2914 mit
1039 2857 1168 2917 Melodie.

679 3029 878 3039 -—--——.-

579 3161 650 3226 262.
694 3157 745 3226 De
766 3157 856 3226 teoto
878 3157 987 3226 MV.

133 3298 161 3358 l.
187 3293 254 3358 Ave
269 3293 365 3374 pleno
379 3293 534 3374 singulari
549 3295 664 3376 gratis,
804 3301 834 3359 4.
861 3293 883 3359 S
906 3295 960 3359 ino
974 3292 1089 3360 ardens
1104 3312 1163 3360 noo
1176 3296 1352 3376 combusto,

187 3377 252 3443 Ave
267 3377 298 3440 di
343 3376 503 3459 ahymnis
518 3382 551 3443 et
564 3379 710 3461 melodia,
890 3379 961 3458 irgs
975 3377 1092 3444 florens
1107 3384 1142 3444 et
1155 3384 1272 3444 onusto

186 3395 401 3542 nignaffiuoe
415 3462 579 3544 singulari,
859 3461 947 3528 Nuce
962 3463 1047 3526 succi
1063 3464 1183 3528 nescio:

186 3543 245 3610 Oui
259 3543 349 3611 nulls
362 3547 539 3630 oomporsri
859 3543 903 3611 Te
958 3544 1058 3612 riudit
1072 3563 1126 3612 ros
1141 3548 1293 3627 novellus,

186 3627 327 3694 Motrnm
342 3629 451 3696 volent
465 3630 589 3712 gaudio
859 3629 892 3694 M
936 3631 984 3694 uit
998 3631 1208 3712 ntquondom
1223 3632 1334 3712 velius,

129 3717 159 3776 2.
185 3715 260 3779 Alto
274 3711 379 3779 fructu
394 3713 605 3796 fortunionis,
859 3711 950 3780 Sicco
964 3719 1071 3780 tamen
1087 3733 1172 3780 oreo.

186 3797 324 3864 Germen
338 3799 398 3864 Dei
413 3805 501 3864 torro
515 3799 602 3880 poris

184 3881 489 3963 lomagnifioentio:
804 3884 832 3944 5.
857 3878 975 3944 Terrae
990 3882 1097 3964 rigant
1111 3883 1260 3950 universo

185 3967 308 4032 Reoens
324 3965 410 4032 orbis
426 3966 477 4033 vix
493 3965 627 4042 orditur,
794 4027 796 4034 ,
858 3963 1008 4030 Siooitote
1023 3967 1086 4030 ism
1102 3965 1229 4031 deterso

185 4049 228 4115 Et
242 4051 305 4115 ism
321 4056 378 4115 tuo
393 4051 535 4133 operitur
857 4046 925 4112 Tuo
940 4049 1117 4114 stillicidia:
1197 4117 1199 4122 ,

185 4133 332 4216 Serpenti
348 4135 500 4218 potentio.
857 4131 981 4197 Novum
997 4133 1344 4214 docusotquemirum,

129 4220 158 4278 3.
185 4217 284 4283 Cuius
298 4226 423 4284 tumens
438 4225 535 4302 caput
549 4217 637 4294 toris,
857 4213 956 4280 Terra
970 4233 1082 4283 creans
1097 4217 1166 4284 sola
1183 4217 1293 4295 virum,

184 4302 425 4368 Etoolooneum
441 4303 541 4368 tuen's
858 4299 959 4376 Quem
974 4301 1153 4368 circumdas
1167 4299 1313 4368 foemina.

185 4387 235 4452 Ab
251 4387 319 4452 eins
332 4387 465 4452 insidia:

184 4470 331 4536 Proedux
346 4471 441 4536 stello
454 4469 544 4534 rubri
558 4469 664 4550 moris,
794 4472 830 4530 ·6.
858 4465 960 4531 Homo
975 4467 1086 4547 Deum,
1106 4469 1196 4550 virgo
1210 4469 1342 4550 prolem,

184 4555 349 4620 Phoroono
364 4573 476 4636 merso,
493 4553 581 4620 oonis
859 4550 957 4632 Virgo
971 4551 1091 4630 florem,
1108 4553 1202 4618 steilo
1216 4553 1316 4616 solnm

183 4638 347 4724 Tympano
363 4638 542 4708 eteithoro.
840 4633 1234 4710 Forsiorontomomnio:
