3218 5234
664 295 873 356 ...75-

462 481 511 540 71.
555 475 598 540 In
618 475 795 542 inventione
815 479 944 543 sanotae
965 473 1078 540 erneis.

120 611 147 672 1.
173 605 399 684 Quadrilorme
414 609 516 674 erucis
530 611 666 692 signum,
849 610 919 687 Qua
934 609 1080 690 signatur
1097 607 1278 674 sanctitudo

172 691 372 773 Triumphali
388 693 503 774 plausu
521 693 662 776 dignum,
848 694 1071 773 Perseverans,
1087 693 1211 758 colitur.

171 776 410 856 Prosequamur
429 777 594 844 laudibus:
793 785 823 844 4.
849 779 886 844 ln
901 777 1070 860 profundo,
1086 775 1170 858 quod
1186 795 1248 842 non
1262 775 1352 842 vides

171 861 256 926 Vota
270 860 339 924 Deo
356 862 586 943 persolvamus,
848 861 915 926 Nee
929 865 1114 942 praesumat
1128 865 1219 926 tanta
1234 859 1313 928 fides

172 945 274 1008 Dulce
289 945 415 1024 lignum
430 963 628 1029 opponamus
850 945 956 1012 Cessit
969 945 1152 1026 inquisitio:

173 1028 297 1094 Inimici
313 1027 526 1096 fraudibus.'
848 1029 929 1094 Pars
943 1029 1087 1094 subhmis
1101 1027 1287 1094 manifestat

124 1158 150 1218 2,
173 1154 210 1220 1„
225 1155 285 1220 hoc
301 1155 394 1235 Signo
409 1155 565 1235 singulari
849 1112 942 1190 Quod
956 1115 989 1178 in
1005 1113 1094 1178 coelo
1110 1113 1201 1178 nohis
1220 1115 1323 1178 restat

174 1239 238 1304 Nos
254 1243 386 1320 oportet
400 1240 552 1306 admirari
850 1197 946 1263 Certa
960 1215 1174 1280 repromissio.

204 1323 210 1336 ⁸
289 1325 295 1336 ,
481 1325 487 1336 ,
795 1281 823 1342 5.
898 1331 899 1334 ,
952 1281 1020 1344 rui
1070 1299 1216 1344 aramen

174 1322 543 1472 gffiziglfflstaflaeffl
850 1281 1350 1448 ICsririrpireliesnifllaimenstiirtenta

404 1425 468 1488 qua
509 1411 603 1472 atura

851 1449 945 1514 Vitae
960 1449 1214 1532 propugnacula:

850 1533 953 1599 Huius
968 1533 1046 1612 ligni
1062 1552 1118 1614 per
1133 1533 1284 1599 virtutem

851 1617 918 1684 Nos
933 1619 1087 1700 perducat
1101 1617 1143 1681 ad
1157 1618 1293 1683 salutem

124 1704 151 1765 3.
175 1699 242 1776 Quo
258 1703 321 1766 suh
337 1702 402 1766 ritu
418 1699 520 1765 torma
534 1700 638 1784 prima
850 1703 962 1782 Agnus
977 1702 1045 1766 sine
1060 1701 1194 1766 macula.

177 1784 330 1850 Caritatis
346 1785 532 1866 expressiva
797 1791 826 1851 6.
851 1785 902 1849 Ad
918 1785 998 1850 coeli
1012 1785 1167 1866 palatium

175 1869 330 1934 Latitudo
345 1869 489 1950 ponitur:
855 1867 964 1934 Crucis
977 1887 1034 1950 per
1050 1869 1201 1933 solatium

175 1951 414 2034 Consequenter
428 1951 603 2032 longitudo,
853 1951 995 2033 Relevet,
1012 1973 1030 2017 o
1047 1951 1182 2016 Christe.

191 2077 217 2115 a.
236 2061 330 2114 Tene.
368 2061 446 2116 illiso.
466 2061 539 2129 Meg.
561 2063 629 2114 1507
648 2059 701 2132 (Α).
720 2089 754 2100 -
773 2059 860 2116 Neale
880 2079 906 2130 p.
927 2063 987 2116 119.
1007 2074 1022 2114 e
1041 2059 1119 2115 Miss.
1137 2059 1272 2128 Pragensi
1283 2063 1351 2116 1522
1371 2064 1424 2132 (B).

122 2161 156 2172 --
173 2133 272 2187 Daniel
292 2131 327 2198 V,
347 2135 390 2185 91.
409 2147 424 2186 a
444 2131 509 2187 Cod.
529 2132 556 2186 S.
575 2131 646 2186 Gall.
665 2134 718 2186 546
736 2132 788 2199 (C).
807 2163 841 2172 -
866 2131 1100 2186 MoneNo.110.
1125 2133 1161 2198 (1,
1182 2133 1252 2196 144.)
1271 2149 1337 2187 oua:
1366 2133 1424 2189 He.

122 2222 160 2258 aa
175 2203 204 2258 S.
223 2203 308 2258 Peter
326 2219 364 2256 en
382 2201 550 2272 Karlsnnhe,
569 2219 594 2256 o.
612 2199 668 2256 No.
687 2202 706 2256 i.
728 2205 786 2258 160.
806 2207 849 2258 14.
868 2201 969 2258 Jatre.
988 2203 1107 2258 mittier
1125 2199 1249 2257 Melodie
1269 2204 1323 2276 (D).

192 2292 218 2346 h.
238 2291 426 2346 Leenrten.
466 2295 489 2358 l,
508 2293 533 2345 3.
552 2291 664 2358 Perseq.
683 2291 716 2344 Α.
736 2319 769 2330 -
791 2295 814 2360 1,
834 2295 859 2345 4.
879 2290 981 2346 exsolr.
999 2291 1033 2345 A.
1061 2321 1096 2330 —
1124 2294 1147 2359 1,
1168 2295 1192 2346 5.
1211 2307 1312 2360 appan.
1331 2293 1365 2346 D.
1390 2321 1424 2334 -

124 2367 148 2431 2,
168 2367 190 2417 1.
210 2363 285 2431 ligno
305 2363 420 2430 gloriari
438 2361 535 2418 Neale.
563 2391 596 2402 -
624 2365 649 2429 2,
668 2365 694 2415 2.
713 2361 766 2416 hoe
783 2363 879 2417 mirari
898 2363 931 2416 A.
951 2369 979 2418 et
996 2363 1094 2416 mirari
1111 2362 1206 2416 Naale.
1226 2391 1259 2404 -
1283 2365 1308 2432 2,
1328 2367 1353 2418 3.
1372 2365 1425 2418 oir-

123 2435 319 2488 cumstantiam
339 2435 368 2488 C.
388 2433 479 2488 hinne.
500 2463 533 2473 —
553 2437 579 2500 2,
598 2436 622 2486 4.
643 2433 686 2487 Cr.
706 2433 808 2490 Christi
827 2451 852 2502 q.
871 2433 963 2488 Mene.
990 2463 1025 2474 -
1052 2437 1078 2502 2,
1096 2435 1121 2487 ὅ.
1140 2433 1191 2488 sub
1210 2433 1255 2503 fig.
1274 2435 1371 2490 Neale.
1389 2465 1424 2476 -

124 2511 149 2572 2,
168 2509 194 2560 6.
214 2505 419 2561 observantiam
439 2506 468 2560 C.
487 2505 579 2560 Mona.
598 2501 775 2561 observantia
794 2505 828 2559 D.
840 2535 871 2546 -·
883 2507 944 2572 3,1.
964 2503 1055 2573 „Dan
1072 2503 1169 2559 Raima
1186 2505 1260 2560 noch
1277 2507 1316 2559 iat
1334 2507 1425 2560 dieser

127 2577 194 2632 Vera
214 2593 245 2630 so
264 2575 462 2630 horzuatellen:
481 2577 540 2643 Qua
558 2575 609 2630 sub
627 2575 717 2630 forma
734 2576 901 2645 primitiva.“
919 2575 1011 2632 Mene.
1049 2605 1083 2616 -·-
1119 2581 1145 2644 4,
1164 2579 1189 2630 2.
1207 2576 1250 2630 Ne
1267 2593 1308 2647 pr.
1328 2576 1424 2632 Neela.

124 2649 182 2704 h'eo
199 2663 273 2718 pers.
293 2651 326 2702 Α.
346 2677 380 2687 -
399 2649 424 2717 4,
445 2652 469 2702 3.
489 2649 584 2704 Cesset
603 2647 632 2702 C.
660 2677 694 2688 -
721 2651 747 2716 4,
766 2651 791 2702 4.
811 2649 841 2701 P.
861 2665 882 2703 s.
901 2653 1079 2717 representat
1096 2647 1193 2717 Neale,
1217 2647 1267 2702 cler
1290 2647 1335 2702 Va.
1354 2652 1426 2702 1—3

124 2721 195 2775 naen
213 2723 284 2772 4-o
304 2720 360 2774 hat.
380 2749 414 2760 -
433 2723 458 2789 5,
477 2723 501 2773 2.
522 2717 737 2790 comprehendit
754 2717 850 2774 Neale.
869 2749 904 2759 -
923 2721 948 2774 6.
966 2719 1024 2774 Str.
1038 2719 1113 2789 fehlt
1132 2719 1184 2773 Bc.

720 2863 744 2868 ...
754 2862 876 2870 ——---.

177 1489 263 1556 Sacri
280 1491 387 1556 cultus
403 1493 434 1556 in
450 1490 554 1572 figura

176 1574 267 1640 Gerit
282 1573 516 1640 observantias.

466 2960 515 3020 72.
558 2955 610 3021 De
630 2957 808 3024 inveniens
828 2961 958 3022 sannae
978 2955 1091 3021 erneis.

127 3104 153 3161 1.
179 3091 412 3158 Sacrosanetae
425 3091 529 3158 erneis
547 3092 669 3172 lignum
857 3091 942 3158 Crux
958 3095 1007 3158 est
1021 3109 1078 3156 ara
1092 3095 1221 3158 nostrae
1235 3093 1314 3174 spei,

179 3177 240 3242 Est
253 3177 391 3241 iocunda
406 3175 502 3242 laude
516 3175 647 3258 dignum
857 3177 892 3242 Si
906 3177 1075 3258 iungamur
1088 3181 1157 3242 toto
1173 3177 1201 3240 ei

179 3261 224 3326 Et
238 3261 324 3325 omui
339 3259 497 3342 tripudio:
857 3261 969 3326 Cordis
986 3260 1152 3327 desiderio.

179 3344 250 3410 Hoc
263 3345 390 3425 insigne
405 3345 509 3410 erucis
524 3345 648 3426 signum
802 3350 830 3410 3.
857 3343 942 3408 Crux
957 3345 1086 3410 inventa
1099 3344 1181 3408 mira
1195 3343 1280 3423 lecit,

179 3427 315 3494 Hostem
332 3428 453 3508 effugat
466 3428 641 3510 malignum
856 3429 965 3494 Allata
979 3428 1126 3510 primitus
1141 3427 1259 3492 adiecit

182 3511 265 3578 Suae
280 3513 359 3577 lueis
374 3511 475 3577 radio.
856 3511 955 3576 Plura
968 3512 1028 3576 Dei
1044 3511 1190 3576 brachio:

126 3600 155 3662 2.
184 3596 222 3660 In
238 3613 331 3662 eruce
346 3615 403 3678 per
417 3595 547 3662 verbnm
561 3595 622 3660 Dei
857 3595 951 3674 Crem,
967 3613 1049 3678 quoe
1064 3597 1109 3660 sio
1123 3595 1247 3660 hostem
1261 3595 1378 3662 deiecit

181 3681 331 3746 Redeunt
345 3681 387 3745 ad
402 3681 501 3746 vitam
515 3680 564 3744 rei
856 3678 899 3742 Et
913 3697 970 3762 pro
985 3679 1077 3745 nobis
1092 3678 1256 3762 satisleoit,

182 3765 300 3830 Sacrae
314 3765 426 3830 mortis
440 3764 563 3846 precio:
859 3762 968 3831 Solvet
982 3782 1039 3830 nos
1054 3765 1087 3830 in
1101 3763 1233 3846 proelio.
1263 3764 1373 3829 Amen.

198 3873 295 3930 Text.
331 3875 410 3931 Miss.
430 3872 509 3931 fratr.
531 3877 607 3930 1520.

684 4014 883 4022 ---—-—-—--

472 4117 522 4179 73.
564 4113 617 4180 De
637 4113 812 4178 inanitione
833 4116 962 4178 sanotae
983 4109 1095 4176 erneis.

132 4255 159 4312 1.
184 4243 220 4310 Si
235 4245 284 4310 vis
299 4263 375 4310 vera
389 4243 453 4309 frui
468 4243 547 4324 luae,
804 4249 832 4308 2.
858 4243 947 4309 Haec
962 4248 1012 4308 eet
1026 4241 1124 4308 claris
1140 4247 1335 4309 secretorum

184 4331 222 4395 In
237 4329 403 4410 praeclara
418 4325 539 4392 Christi
554 4345 646 4393 eruce
857 4326 927 4392 Hoc
941 4327 974 4392 in
989 4325 1095 4394 fronte
1110 4329 1310 4408 signatorum

185 4412 322 4478 Gloriari
339 4412 486 4478 studeas:
858 4409 991 4492 Signum
1006 4416 1056 4476 est
1072 4413 1240 4478 victoriae:

185 4495 231 4561 Ut
246 4497 287 4561 de
301 4497 459 4578 passionis
474 4495 571 4561 clavis
857 4495 927 4560 Hoc
942 4495 1082 4577 sigillum
1098 4497 1213 4568 summi
1227 4496 1322 4577 regis,

184 4579 570 4660 Fabrioeturtihielavis,
857 4579 1011 4646 Haeeest
1027 4579 1334 4662 scalenovaelegiS,

185 4663 256 4742 Qua
270 4665 394 4730 eoelum
408 4663 559 4731 innuens.
858 4663 929 4732 Hoc
942 4664 1093 4733 vexillum
1107 4665 1240 4748 gloriae.
