3210 5230
672 264 904 338 -1122-

602 449 673 512 791.
715 443 768 514 De
788 463 814 512 s.
838 443 984 514 Gamzo.

146 587 172 650 1.
198 577 374 647 Benedicta
387 597 422 645 es
437 580 528 662 virgo
544 581 691 662 Caecilio,
869 583 972 648 Rosas
987 584 1157 646 vernantes
1172 580 1252 646 unire
1265 578 1447 661 flagrantes

198 663 289 742 Quae
305 679 458 744 spernens
477 663 638 732 mundone
653 666 770 748 gaudio
867 665 914 732 To
930 683 1000 730 curn
1016 681 1134 748 sponso
1149 667 1338 730 coronantes

199 747 580 814 Nunctcnesooelestia:
870 747 998 834 Recipis
1013 755 1046 815 et
1060 748 1172 814 lilium.

198 831 276 896 Fide
304 831 398 913 plena
433 833 550 898 mentis
580 849 705 918 semper
733 839 770 900 ou
816 842 845 904 3.
871 833 1069 900 almachium
1085 831 1231 897 devicisti

242 932 354 980 serena
871 914 1305 994 Etmendacemostendisti,

201 999 369 1082 Sapienter
382 999 469 1064 intus
484 999 642 1066 obscoena
871 999 1013 1066 Tandem
1028 1000 1070 1066 ad
1085 1017 1233 1066 coronam
1247 998 1395 1065 transisti

200 1081 313 1150 Carnis
329 1083 607 1166 assumptapeoic.
872 1085 935 1150 Per
948 1085 1054 1166 ignem
1069 1089 1103 1150 et
1117 1083 1276 1166 gladium:

872 1168 965 1236 Nunc
979 1169 1068 1250 virgo
1083 1173 1116 1232 te
1130 1169 1346 1251 deprecamur,

145 1253 174 1314 2.
200 1249 406 1316 Valerianum
413 1267 565 1332 sponsum
571 1250 772 1334 prophanum
873 1252 975 1330 Quam
991 1253 1103 1318 devote
1118 1269 1315 1328 veneramur,

203 1331 636 1418 ConvertisqueTyburtiunr
872 1335 918 1402 Ut
932 1355 990 1420 per
1005 1353 1116 1420 preces
1131 1341 1204 1402 tues
1219 1336 1373 1403 vehamur

201 1417 657 1501 Demonstranseiangelum:
874 1420 1199 1504 Adooelipnlotium.
1229 1419 1338 1486 Amen.

216 1523 312 1582 Toat.
348 1527 427 1583 Mirr.
445 1526 524 1582 frou.
542 1527 624 1584 Paris
643 1527 721 1584 1520.

625 1817 696 1878 ren.
724 1783 789 1879 ‘Do
807 1829 834 1878 s.
859 1811 967 1880 coma.

175 1953 178 1960 ·
252 1926 331 1996 (Gcb.
351 1943 388 1984 su
405 1927 503 1986 Asuui
519 1929 559 1983 ι’πι
576 1931 603 1986 J.
622 1931 702 1998 1193,
719 1937 787 2002 qest.
807 1935 850 1987 11.
870 1931 943 2002 Auo.
962 1929 1042 1998 126³,
1060 1929 1171 1984 cornert
1188 1933 1231 1985 12.
1250 1929 1338 2000 Auo.)

149 2057 175 2118 1.
202 2051 239 2118 In
254 2051 384 2134 perenni
399 2049 502 2131 gloria
816 2058 845 2118 3.
874 2049 971 2117 Olera
986 2055 1094 2116 custos
1110 2052 1279 2131 castitatis,

202 2135 582 2202 Cleraenuncmemorio
871 2135 929 2200 Pia
942 2151 1061 2216 parens
1075 2137 1272 2232 paupertatis

204 2217 313 2286 Glaret
327 2217 440 2284 Clarae
456 2216 613 2299 Virginis:
871 2219 997 2286 Meritis
1012 2219 1204 2286 clarissima:

203 2301 293 2378 Quae
307 2308 381 2384 post
395 2301 582 2367 transitoria
871 2303 939 2368 Iam
954 2302 987 2368 in
1003 2303 1090 2369 coelo
1106 2309 1286 2382 coronatur,

202 2383 549 2452 Carniscumvictoria
871 2385 915 2452 Ei
930 2385 1095 2452 inmundo
1110 2387 1292 2454 declaratur

202 2471 349 2552 Regnum
364 2467 451 2534 subit
463 2467 602 2535 luminis.
872 2469 979 2552 Signis
993 2471 1220 2552 insignissima

147 2558 177 2620 2.
201 2553 296 2620 Clara
309 2552 369 2618 Dei
383 2551 504 2618 famule
816 2561 846 2624 4.
872 2554 959 2634 Ergo
974 2553 1064 2636 virgo
1080 2559 1146 2621 taur
1161 2555 1265 2634 beata

201 2635 516 2720 Rosciuitprinrula
873 2639 1294 2722 Sponsoiunctoetdctoto

202 2721 370 2804 Virginum
385 2721 523 2786 rosario:
872 2721 991 2788 Fructu
1006 2723 1205 2788 centenario:

201 2803 303 2883 Quam
318 2803 642 2870 Franciscusnonrini
872 2805 935 2871 Pro
949 2811 1044 2872 reatu
1058 2807 1245 2872 miserorum

202 2889 425 2955 Consecrando
439 2887 569 2953 Domini
871 2888 1320 2956 Precesoffersincoelornm

200 2973 309 3038 Iunxit
323 2971 522 3038 Sanctuario.
871 2973 1002 3042 Summo
1018 2974 1200 3042 secretario.
1229 2975 1339 3042 Amen.

215 3079 308 3137 Text.
344 3081 421 3139 Miss.
438 3079 518 3137 frctr.
538 3081 624 3140 Paris.
644 3083 721 3139 1620.

691 3243 889 3256 ...ου-ιω-

581 3377 652 3440 793.
694 3357 877 3440 Deianora
899 3369 1006 3438 Clara.

145 3517 172 3576 1.
197 3511 349 3596 Sospitati
364 3513 454 3579 dedit
468 3531 581 3594 aegros
816 3519 844 3582 3.
871 3513 1297 3598 Oqucmprobotsonctem
1310 3513 1369 3580 Dei

198 3595 308 3664 Crucis
323 3597 530 3679 consignatio,
870 3599 966 3664 Panis
980 3599 1213 3679 augmentatur

197 3679 297 3762 Virgo
313 3679 408 3746 Clare
423 3685 534 3747 contra
548 3695 644 3762 rogos
871 3683 983 3748 Virtus
1021 3687 1090 3748 atet
1103 3681 1221 3749 Helisei

196 3761 297 3830 Affuit
310 3765 480 3847 praesidio.
871 3765 938 3832 Olei
955 3701 1082 3831 inffrsio.
1415 3848 1417 3854 Ι

815 3856 844 3916 4.
869 3849 954 3931 Ergo
971 3849 1092 3930 lanice,
1107 3850 1197 3930 virgo
1213 3847 1316 3934 Clara,

140 3933 169 3995 2.
194 3929 449 3998 HancGhristns
465 3931 689 4000 ensinhostis
870 3931 941 4000 Tibi
957 3933 1240 4000 dotheecooneio.

196 4013 326 4081 Solatur
341 4015 476 4098 eloquio,
867 4017 949 4084 Nam
965 4019 1018 4100 qui
1033 4015 1173 4100 flagrans
1189 4019 1294 4086 cordis
1308 4037 1374 4098 ara,

195 4097 273 4165 Inde
288 4099 380 4182 fugat
416 4117 487 4166 rece
501 4100 554 4183 pie
867 4102 913 4167 To
928 4103 1046 4168 mulcet
1060 4101 1223 4184 obsequio,

193 4181 313 4250 Turcos
332 4185 373 4250 ab
388 4119 523 4250 Kssisio.
877 4185 994 4270 Sospes
1009 4185 1200 4270 regreditur.
1227 4185 1337 4252 Amen.

209 4289 305 4348 Text.
341 4291 420 4350 Mire.
438 4289 519 4350 fratr.
538 4293 626 4353 Paris.
648 4295 726 4349 1620.

688 4487 886 4500 m
