3190 5226
676 268 887 332 ...66-

136 455 163 516 5.
184 445 252 512 Ave
266 448 363 530 stirps
378 447 535 528 Davitica,
822 455 851 517 9.
875 446 1198 532 avelonsmsticiae,

183 531 660 616 Quamplebslaudatcoeliaa,
874 533 973 614 Origo
988 535 1177 616 mundiciae,

182 615 336 682 OMaria.
876 615 1160 700 Cellapudieitiae,

874 701 901 766 Ο
916 701 1029 768 Maria.

134 786 161 847 6.
181 783 247 850 Ave
262 783 391 850 domina
404 785 516 866 regina
803 789 851 850 10.
874 787 942 851 Ave
953 787 1044 868 virgo
1058 785 1227 868 virginum,

179 867 277 934 Plena
291 869 351 934 Dei
366 869 481 952 gratia,
874 867 967 936 Circa
981 871 1276 937 munditerminum

179 951 334 1018 Ollaria.
873 953 1224 1104 gffiiairithinum

952 1056 1030 1104 arra.

133 1125 160 1183 7.
180 1121 247 1184 Are
262 1119 322 1185 Dei
337 1120 513 1200 thalamus3
803 1125 851 1187 11.
873 1122 973 1203 Virgo
988 1141 1154 1206 puerpera,

176 1203 320 1286 Myrrha,
340 1206 520 1271 balsamum
535 1205 669 1287 atthas,
872 1205 1078 1272 Nosderita
1092 1209 1210 1274 misera

178 1288 336 1354 OMaria.
871 1289 983 1356 Reduc
997 1291 1039 1356 ad
1054 1291 1197 1373 aethera,

872 1373 899 1440 0
914 1373 1026 1442 Maria.

129 1462 156 1523 8.
176 1457 244 1522 uve
261 1473 381 1539 sponsa
395 1455 536 1539 sophiae,
800 1461 849 1524 12.
873 1455 1022 1525 Candens
1037 1457 1095 1525 llos
1109 1459 1178 1540 lilii,

175 1541 241 1606 Nos
256 1540 437 1608 reformans
453 1542 587 1624 gratiae,
872 1541 983 1608 Reduc
997 1562 1056 1610 nos
1071 1543 1113 1608 ad
1127 1544 1172 1627 pii

176 1625 202 1691 0
218 1625 336 1692 Maria.
872 1626 1046 1694 Denteram
1061 1627 1128 1706 filii,

874 1711 901 1776 0
917 1711 1031 1778 Maria.
1069 1713 1182 1778 Amen.

192 1817 289 1874 Text.
328 1819 408 1875 Miss.
427 1817 507 1874 fratr.
525 1817 613 1875 Paris.
635 1820 712 1874 ruat.

411 2061 440 2123 9.
482 2056 525 2122 Ira
540 2057 654 2139 prima
673 2059 773 2124 masaa
793 2058 973 2124 natiuitatis
992 2057 1136 2126 Domini.

148 2187 172 2247 1.
194 2181 282 2248 Nato
299 2187 418 2249 canunt
433 2185 539 2249 omnia
552 2183 690 2250 Domino
705 2185 757 2268 pie
771 2184 901 2266 agmina

145 2271 172 2332 1.
194 2265 387 2350 Syllabatim
401 2275 553 2334 neumata
568 2269 813 2352 perstringendo
828 2269 986 2351 organica.

145 2355 172 2418 3.
195 2349 289 2417 Η666
303 2353 372 2417 dies
387 2359 522 2432 sacrata,
544 2355 576 2418 in
594 2371 657 2434 qua
672 2372 755 2419 nova
769 2359 843 2418 sunt
857 2353 974 2435 gaudia
988 2353 1108 2419 mundo
1122 2352 1216 2437 plene
1231 2351 1350 2419 dedita.

144 2441 172 2500 4.
193 2435 264 2502 Hac
281 2443 376 2502 nocte
391 2437 556 2518 praecelsa
569 2437 708 2504 intonuit
723 2444 757 2504 et
771 2437 874 2520 gloria
887 2455 964 2503 voce
978 2437 1131 2520 angelica.

145 2525 172 2583 5.
192 2519 372 2588 Fulserunt
386 2523 537 2587 immania
550 2529 643 2588 nocte
657 2521 764 2588 media
777 2523 961 2606 pastoribus
975 2521 1105 2590 lumina.

146 2607 172 2669 6.
192 2605 277 2671 Dum
296 2603 405 2670 fovent
420 2624 479 2671 sua
494 2623 618 2688 pecora,
640 2606 747 2672 subito
763 2607 871 2672 divina
884 2607 1085 2690 praecipiunt
1098 2605 1236 2673 monita:

146 2693 172 2752 7.
193 2689 254 2756 Est
267 2691 427 2755 immensa
441 2692 474 2755 in
489 2691 577 2756 coelo
593 2691 705 2772 gloria,
722 2709 784 2773 pax
799 2695 832 2755 et
845 2691 878 2756 in
893 2698 998 2756 terra:

145 2782 168 2841 a
193 2773 302 2839 Natus
317 2775 402 2839 almt
416 2775 548 2856 virgine,
564 2777 617 2856 qui
633 2779 740 2840 exstat
754 2782 829 2842 ante
843 2776 980 2841 saecula.

145 2861 172 2920 9.
193 2858 246 2923 Sic
260 2876 341 2939 ergo
357 2859 435 2924 coeli
448 2867 576 2926 caterva
590 2859 745 2925 altissime
759 2859 860 2924 iubila

129 2942 172 3004 10.
193 2939 240 3008 Ut
253 2949 349 3008 tanto
364 2961 479 3008 canore
493 2947 612 3009 tremat
625 2944 693 3008 alta
706 2944 772 3026 poli
786 2943 942 3009 machina.

129 3027 172 3087 11.
193 3026 367 3092 Confracta
383 3035 460 3093 sunt
473 3029 608 3110 imperia
622 3027 724 3093 hostis
741 3028 973 3093 erudelissima.

129 3111 172 3172 12.
192 3109 346 3176 Humana
360 3119 553 3196 concrepant
567 3117 681 3178 cunata
695 3111 798 3177 Deum
813 3119 924 3178 natum
939 3111 972 3176 in
987 3113 1082 3178 terra

129 3197 173 3257 13.
194 3194 260 3260 Pax
274 3197 311 3260 in
325 3202 413 3262 terra
426 3197 563 3276 reddita,
578 3213 661 3262 nunc
676 3197 837 3262 laetentur
852 3197 958 3262 omnia
971 3197 1039 3261 nati
1054 3214 1112 3278 per
1127 3195 1266 3264 exordia.

129 3279 172 3340 14.
194 3277 295 3346 Sonet
311 3285 344 3344 et
358 3299 413 3363 per
426 3281 531 3346 omnia
544 3281 605 3347 hoc
620 3281 654 3346 in
669 3280 720 3347 die
735 3281 839 3363 gloria
852 3299 928 3348 voce
944 3281 1031 3347 tlara
1044 3279 1187 3348 reddita:

130 3363 172 3426 15.
194 3363 288 3430 Solus
305 3366 359 3446 qui
374 3370 484 3431 tuetur
499 3365 613 3446 omnia,

130 3447 173 3512 16.
196 3445 291 3514 Solus
308 3450 362 3529 qui
377 3451 536 3530 gubernat
550 3449 666 3530 omnia,

129 3531 173 3594 11.
192 3531 267 3614 lpse
282 3551 343 3597 sua
357 3535 475 3616 pietate
490 3535 594 3600 salvet
608 3535 714 3599 omnia
728 3541 843 3618 pacata
857 3551 966 3615 regna.

191 3632 332 3688 67661.
370 3633 571 3704 6116116611,
593 3637 643 3690 165
664 3635 718 3705 (A).
765 3635 844 3692 Miss.
863 3633 940 3692 fratr.
962 3632 1104 3702 15611111
1141 3629 1310 3702 „Reperitur
1329 3631 1420 3688 Prona

127 3697 153 3753 in
170 3703 232 3760 con.
252 3706 364 3760 Monac.
383 3707 498 3761 61661.
517 3705 565 3760 XI.
585 3707 660 3761 etin
679 3706 744 3762 Cod.
761 3707 832 3762 Bibl.
848 3705 1064 3763 PalatVinrlab.
1084 3704 1136 3760 No.
1158 3705 1234 3759 retu.
1255 3703 1315 3760 Fol.
1333 3707 1376 3758 47.
1396 3719 1422 3773 6,

128 3785 159 3854 ax
179 3792 232 3844 qno
257 3777 470 3832 communicarit
493 3777 641 3833 lectoribus
660 3777 778 3834 Wolfius
809 3777 937 3846 (Facsim.
957 3777 1016 3848 IV).
1053 3777 1086 3832 In
1104 3776 1267 3831 Missalibus
1286 3789 1423 3844 nusquam

127 3850 286 3972 mesztffigari
305 3851 442 3904 carmen.“
477 3849 578 3904 Daniel
596 3849 633 3920 11,
652 3852 687 3905 56
707 3850 758 3922 10).
780 3879 814 3890 -
833 3849 913 3905 seete
930 3847 1174 3906 imCod.Einairll.
1193 3846 1422 3903 3661266161.

152 3933 162 3968 ⁸
220 3936 326 3975 eramen.

192 4007 217 4061 b.
237 4006 423 4063 Leaartea.
460 4011 485 4062 2.
506 4007 660 4064 Sillabatim
677 4008 708 4062 B.
728 4014 878 4078 pneumata
896 4007 954 4062 AB.
979 4037 1014 4048 -
1038 4011 1063 4063 B.
1082 4007 1159 4062 Haec
1176 4023 1236 4064 nos.
1255 4023 1277 4063 s.
1296 4009 1327 4062 B.
1346 4006 1423 4062 edita

127 4072 155 4127 B.
172 4077 215 4146 pie
234 4079 328 4135 aedita
346 4081 380 4136 A.
399 4109 434 4121 -
452 4083 478 4135 5.
496 4080 613 4136 Fulsere
632 4087 661 4135 at
679 4081 724 4136 im.
744 4080 776 4134 B.
791 4080 942 4136 Fulserunt
960 4087 988 4134 et
1006 4081 1051 4134 im.
1069 4079 1104 4135 A.
1124 4109 1157 4122 -
1176 4081 1201 4134 6.
1220 4079 1376 4150 percipiant
1389 4079 1421 4132 B.

128 4144 186 4201 diva
208 4153 364 4220 percipiunt
386 4151 420 4206 Δ.
446 4181 480 4191 -
505 4152 644 4206 76161
667 4149 712 4208 Vs.
735 4155 753 4205 8
775 4167 828 4206 vor
855 4149 900 4205 Va.
920 4153 945 4204 7.
971 4181 1005 4192 -
1032 4153 1058 4207 8.
1085 4151 1205 4222 Virgini,
1233 4159 1317 4207 extat.
1337 4150 1368 4205 B.
1388 4179 1422 4191 -

129 4217 151 4272 9.
168 4217 246 4276 Hinc.
266 4239 330 4291 ergo
348 4223 382 4278 Δ.
401 4222 539 4278 altissimo
552 4223 659 4278 iubilat.
677 4222 708 4278 Β.
728 4253 763 4263 -
783 4226 825 4277 10.
843 4222 882 4277 Et
890 4229 970 4277 tanto
982 4223 1041 4278 ΔΒ.
1060 4253 1094 4265 -
1115 4228 1156 4277 ll.
1175 4223 1247 4279 Sunt
1264 4231 1293 4278 61
1309 4223 1374 4292 imp.
1388 4221 1421 4277 B.

128 4317 159 4330 ·-
179 4295 218 4346 12.
237 4302 405 4363 concrepent
420 4294 479 4350 AB.
498 4301 592 4351 natum
610 4295 699 4351 Deum
717 4296 752 4351 A.
770 4323 805 4336 —
826 4297 867 4349 14.
886 4291 934 4349 AB
953 4294 1042 4350 16166
1055 4293 1293 4364 diaReilteasolpa
1311 4297 1354 4349 14.
1374 4296 1419 4350 12.

127 4363 167 4415 11.
189 4367 233 4420 13.
257 4395 292 4405 -
317 4371 357 4421 15.
381 4367 507 4422 intuetur
525 4368 559 4422 A„
584 4397 618 4408 -
645 4368 686 4422 16.
706 4367 733 4422 S.
752 4372 781 4422 61
799 4367 847 4436 qui
870 4363 993 4422 condidit
1018 4368 1110 4422 omnia
1126 4368 1161 4422 A.
1181 4367 1207 4422 S.
1227 4367 1274 4434 qui
1298 4364 1447 4421 condidit.

127 4435 215 4560 ffiia
229 4435 273 4561 ἒ.
302 4468 334 4478 -
364 4441 406 4494 17.
434 4439 523 4496 salvet
547 4439 640 4495 amnia
664 4453 759 4508 regna
795 4439 886 4493 Amen
902 4437 1046 4494 6661161
1068 4439 1160 4494 omnia
1182 4445 1298 4507 peccata
1315 4445 1421 4495 nostra.

193 4523 212 4562 n
255 4549 262 4561 .

195 4609 218 4649 6.
237 4597 388 4654 Bemerk.
424 4597 608 4667 ,1166116661
629 4599 721 4654 autea
746 4598 791 4654 dia
817 4597 915 4654 beiden
938 4601 1031 4653 ersten
1048 4596 1268 4668 Abautsejader
1285 4598 1360 4654 66166
1378 4597 1421 4652 be·

130 4664 242 4722 rendere
257 4669 385 4726 Malodie.
420 4639 477 4727 fiai
499 4672 594 4729 616166
616 4669 829 4742 Doppeeaama
855 4672 888 4726 16
912 4669 1003 4726 diaes
1026 4669 1166 4741 aequem:
1193 4671 1255 4727 tier
1281 4670 1348 4727 61611
1376 4668 1422 4724 de'a
