3266 5222
735 316 962 380 ⁴245-

224 497 254 560 9.
273 493 441 574 Mirantur,
459 491 682 559 necdelicinnt
947 490 1269 560 Iamrerelataiacie

273 577 310 642 ln
325 577 424 656 illum,
440 593 534 657 quem
549 579 757 658 prospiciunt,
946 579 1066 658 Regem
1081 581 1216 642 cernunt
1229 577 1261 641 in
1277 575 1388 656 gloria.

273 661 446 741 Fruuntur,
463 678 520 724 nec
534 658 711 740 fastidiunt,
881 667 928 726 12.
947 661 1016 726 11115
1030 659 1140 741 regina
1155 661 1312 740 virginum

274 743 345 822 Quo
359 741 422 808 frui
437 743 539 824 magis
557 744 679 810 sitiunt.
946 743 1186 810 Transcendens
1201 743 1326 808 culmen
1345 741 1490 808 ordinum

207 827 256 892 10.
274 827 346 892 illic
359 833 467 908 patres
487 825 633 908 dispositi
947 827 1085 894 Excuset
1099 826 1184 910 apud
1202 826 1363 892 dominum

274 911 337 976 Pro
352 911 510 992 dignitate
524 910 639 987 meriti,
947 911 1135 976 Nostrorum
1149 911 1258 992 lapsus
1273 911 1449 976 criminum.

274 994 402 1060 Sernota
416 995 480 1058 iem
498 994 634 1074 caligine
881 999 928 1058 13.
945 993 1011 1059 Nos
1026 995 1067 1060 ad
1083 999 1264 1060 sanctorum
1280 994 1414 1076 gloriam

275 1079 395 1144 Lumen
410 1077 520 1143 vident
533 1077 566 1142 in
582 1077 710 1143 lumine.
948 1077 1010 1143 Per
1025 1079 1164 1160 ipsorum
1179 1075 1332 1160 suffragia

208 1163 256 1226 11.
275 1161 593 1242 Hisancti‚quorum
609 1159 703 1224 bodie
853 1173 857 1319 ›
947 1159 1025 1228 Post
1039 1169 1239 1244 praesentem
1254 1161 1413 1226 miseriam

274 1243 674 1322 Celebrantursollemnia
948 1243 1069 1311 Christi
1084 1247 1238 1328 perducat
1252 1247 1366 1327 gratia.
1392 1247 1505 1311 Amen.

277 1353 415 1408 51551.
453 1353 536 1408 54555
554 1353 607 1407 No.
627 1355 678 1406 623
698 1351 734 1420 (3,
754 1352 807 1418 10.)
826 1367 892 1406 uua:
910 1351 962 1406 Ha.
982 1369 1019 1408 ru
1037 1353 1077 1407 St.
1098 1352 1198 1408 051155
1216 1353 1268 1408 Νο.
1288 1355 1340 1408 546
1359 1353 1505 1423 (11555555)

206 1425 225 1482 1.
247 1423 626 1481 199.15.Jabrb.mitder
645 1421 768 1476 Melonis
784 1421 841 1492 (Α.
878 1420 931 1478 Η5.
950 1425 990 1478 im
1008 1425 1137 1480 55551555
1154 1441 1192 1478 ru
1208 1423 1315 1492 Trioni,
1343 1427 1386 1479 14.
1406 1423 1506 1478 «15555.

205 1494 370 1552 55155155
388 1495 439 1564 (Β).
477 1492 739 1548 11555555555Η5.
759 1509 796 1547 ru
845 1493 981 1562 ariarathe,
1003 1494 1082 1566 Perp.
1112 1495 1164 1550 rto.
1183 1497 1245 1550 203.
1270 1495 1289 1550 1.
1308 1498 1361 1564 48,
1385 1496 1506 1550 551555

206 1567 338 1636 51515515,
357 1569 400 1620 14.
417 1565 517 1622 Jahrb.
536 1567 585 1620 but
604 1565 648 1618 die
666 1569 684 1618 3
702 1565 803 1618 1515155
820 1564 962 1634 stropium
981 1567 1024 1620 uls
1043 1571 1088 1620 eiu
1108 1565 1367 1620 besoadererbiect:
1386 1567 1427 1620 De
1440 1581 1506 1634 quo·

205 1639 274 1694 libet
292 1645 397 1706 sancto,
415 1637 475 1692 5555
493 1637 662 1706 5555555555
681 1636 726 1689 die
745 1633 882 1690 Leaarten
899 1638 1048 1692 5555551551
1067 1640 1118 1708 (Gt.
1145 1667 1179 1678 -
1207 1637 1306 1692 Daniel
1330 1637 1365 1706 Π,
1385 1640 1428 1692 83.
1456 1637 1507 1692 lunt

207 1711 253 1765 dir
270 1713 288 1762 2
306 1715 398 1764 555155
415 1707 511 1762 Zeileu
530 1707 589 1762 und
606 1707 640 1775 V,
662 1708 719 1762 103.
738 1707 791 1760 555
810 1705 879 1761 Text
899 1723 951 1762 aaa
970 1708 1096 1764 Brauder
1114 1709 1168 1776 (1)).
1199 1738 1233 1750 -
1256 1707 1344 1762 Neale
1362 1724 1389 1776 p.
1407 1710 1469 1762 228.
1489 1723 1505 1762 5

206 1782 286 1836 liius.
304 1779 480 1835 Narbonensi
500 1781 569 1832 1523
589 1777 632 1846 (Ε)
652 1785 680 1831 et
699 1777 893 1846 Andegarensi
915 1781 981 1834 1523
1001 1781 1052 1850 (Ε).
1073 1809 1100 1819 -
1124 1779 1203 1834 15155.
1222 1780 1347 1848 Mogunt.
1365 1781 1432 1834 1507
1452 1779 1507 1850 (G),

206 1852 285 1907 iratr.
304 1851 393 1906 Paris.
415 1853 484 1906 1520
501 1849 557 1920 (Η).
577 1849 761 1904 -01155155,
781 1847 828 1916 lv,
847 1851 899 1904 223
919 1849 961 1918 (1).

277 1941 303 1996 b.
322 1938 507 1994 Lraorten.
546 1941 570 2006 1,
589 1941 614 1991 2.
633 1935 837 2004 Repraesentat
855 1937 947 1991 lione.
975 1967 1005 1977 -
1036 1940 1060 2004 1,
1078 1939 1104 1990 4.
1123 1937 1250 2006 Suspirat
1268 1937 1325 1994 DG.
1343 1937 1436 1994 51555.
1473 1967 1507 1979 -

207 2016 233 2081 2,
252 2015 277 2066 3.
297 2011 369 2066 Hinc
387 2011 421 2064 D.
440 2009 532 2064 51555.
552 2037 586 2048 -
605 2011 632 2076 2,
651 2011 677 2062 4.
697 2014 772 2064 stant
789 2008 823 2062 H.
843 2035 878 2047 -
898 2011 922 2075 3,
941 2011 967 2064 3.
986 2007 1019 2061 In
1037 2023 1121 2062 cursu
1138 2007 1169 2061 B.
1190 2013 1267 2076 -4,
1288 2013 1312 2064 1.
1330 2009 1507 2064 1551550.-

207 2088 233 2152 4,
252 2087 277 2138 2.
297 2083 354 2138 Sibi
372 2081 400 2136 5.
419 2081 451 2135 G.
471 2079 576 2134 habent
594 2079 628 2134 H.
648 2109 682 2120 -
700 2083 726 2146 4,
746 2084 771 2134 3.
790 2080 939 2148 certatque
958 2079 1004 2134 Gl.
1022 2079 1113 2134 bione.
1142 2109 1176 2120 -
1203 2083 1229 2148 5,
1250 2085 1273 2134 1.
1292 2097 1314 2136 5.
1333 2081 1403 2135 haec
1421 2081 1453 2135 G.
1473 2109 1507 2120 -

208 2159 233 2224 5,
252 2158 278 2209 2.
297 2167 382 2210 moer.
401 2157 464 2206 met.
484 2151 515 2206 G.
537 2179 568 2190 -
589 2153 615 2216 7,
637 2155 660 2206 1.
680 2151 777 2218 langor
796 2151 827 2204 B.
853 2179 887 2189 -
914 2150 970 2204 Str.
990 2155 1008 2204 8
1020 2151 1095 2218 sebit
1113 2151 1143 2204 in
1162 2151 1196 2204 Η.
1232 2149 1290 2206 Str.
1308 2150 1509 2206 8515511511

207 2225 324 2292 55559,
344 2221 735 2288 81511-13555155150.
764 2251 797 2260 -
826 2224 850 2288 3,
870 2225 895 2276 2.
915 2221 1070 2276 ierarchiae
1088 2221 1146 2276 AB.
1173 2251 1206 2262 -
1236 2225 1277 2290 10,
1296 2225 1321 2278 2.
1349 2223 1406 2278 Sub
1425 2222 1451 2278 5.
1476 2221 1508 2277 (1.

208 2297 264 2352 Pro
283 2295 418 2364 qualitate
436 2294 458 2348 1.
477 2322 511 2332 -
532 2295 573 2360 10,
593 2295 617 2346 3.
637 2293 671 2347 Se
690 2299 765 2346 mota
782 2292 814 2346 B.
852 2293 990 2348 semotum
1010 2291 1044 2346 Η.
1065 2323 1098 2334 -
1119 2295 1161 2356 11,
1183 2297 1205 2347 1.
1233 2293 1286 2348 1115
1303 2301 1414 2350 sanctus
1432 2293 1510 2350 55155

210 2367 344 2424 0111.-
372 2367 415 2434 11,
434 2367 459 2418 2.
478 2363 669 2418 Recensontnr
687 2363 708 2417 1.
727 2363 819 2417 51555.
857 2393 891 2404 -
929 2367 969 2432 11,
989 2367 1014 2416 4.
1034 2365 1124 2418 cernit
1141 2363 1194 2418 05.
1230 2365 1264 2419 R
1282 2373 1386 2420 555551
1404 2365 1438 2420 H.
1476 2393 1510 2406 -

214 2443 257 2508 12,
274 2441 300 2492 4.
319 2435 338 2491 l.
357 2451 446 2491 nexus
465 2435 493 2490 C.
512 2465 547 2475 —
568 2439 609 2502 13,
628 2437 653 2488 2.
674 2434 704 2488 P.
723 2434 810 2503 155155
830 2434 897 2490 cll.
917 2465 951 2476 -
974 2439 1012 2502 13,
1031 2439 1056 2488 4.
1076 2435 1194 2504 gratiam
1212 2433 1243 2488 Β.

280 2542 303 2581 5.
322 2523 480 2578 Bemerlr.
499 2527 543 2593 ,,1.
563 2537 684 2592 superna
701 2530 800 2591 mater,
828 2521 873 2576 die
891 2523 996 2577 Kircbe
1022 2525 1062 2576 im
1079 2521 1202 2576 Htmmel
1220 2562 1225 2575 .
1245 2562 1252 2576 .
1291 2531 1417 2594 erpetua,
1434 2529 1511 2579 5555·

210 2597 266 2654 zicb
285 2597 366 2652 festa.
387 2625 420 2636 -
439 2599 464 2649 2.
484 2593 552 2650 5551.
571 2609 639 2662 exc,
658 2595 721 2648 weil
740 2595 785 2647 dic
804 2593 935 2664 Heilipeu
955 2595 1000 2647 die
1017 2593 1231 2648 Herracliooreu
1277 2601 1348 2650 51155
1365 2595 1439 2651 aiod.
1476 2624 1510 2636 -

210 2674 236 2726 4.
254 2683 314 2738 pac.
334 2667 369 2724 do
387 2673 417 2736 t.,
444 2665 489 2719 die
515 2663 623 2719 Kircbe
650 2665 705 2733 aas
728 2663 836 2732 Erden,
862 2664 926 2720 weil
954 2662 1083 2720 0555155
1109 2666 1204 2720 551555
1229 2663 1353 2721 Ferrea
1380 2667 1423 2722 ala
1446 2665 1511 2721 Ver-

209 2739 365 2798 etricbtm'aa
384 2739 433 2794 der
452 2735 559 2791 Kircbr
577 2736 764 2792 bintcrlossru
782 2736 839 2790 but.
859 2735 923 2790 Ι155.
935 2737 977 2805 14,
986 2737 1046 2790 271*
1065 2735 1157 2792 bione.

632 3001 703 3063 333.
746 2995 799 3063 De
820 2997 955 3082 quolibet
974 2995 1097 3066 Sancto.

215 3141 242 3200 1.
268 3131 395 3198 Laudes
409 3129 478 3196 Deo
493 3127 670 3195 referamus
941 3127 986 3192 Ut
999 3147 1057 3210 pro
1071 3127 1162 3194 nobis
1177 3127 1357 3212 interpellet

268 3217 313 3282 Et
326 3215 461 3281 iocunde
475 3214 694 3295 persolvamus
942 3212 1037 3294 Apud
1053 3212 1214 3278 Christum
1230 3220 1263 3278 et
1280 3215 1414 3296 repellet

268 3299 402 3366 Devotis
418 3297 611 3381 praeconiis:
942 3295 1250 3362 Peccatorumvitia.

269 3383 331 3460 Qni
345 3383 429 3448 hunc
444 3387 589 3448 sanctum
604 3379 788 3446 sublimavit
887 3387 916 3446 3.
944 3379 1000 3444 Pie
1013 3379 1099 3444 Deus
1115 3398 1198 3445 nunc
1212 3380 1337 3460 1551155,

271 3468 314 3532 Et
327 3466 490 3532 immensis
505 3465 668 3531 decoravit
942 3465 1046 3528 Aures
1061 3467 1135 3528 tuas
1150 3468 1183 3527 et
1196 3463 1315 3528 inclina

270 3551 436 3617 Virtutum
449 3549 622 3616 miraculis.
942 3547 1066 3612 Nostris
1082 3547 1221 3613 clemens
1236 3547 1400 3630 precibus:

215 3641 244 3702 2.
270 3633 369 3700 Cuius
384 3634 468 3700 15515
487 3633 693 3712 celebramus,
941 3630 986 3696 Te
1001 3647 1176 3714 precamur,
1192 3631 1345 3696 miserere

270 3716 684 3798 hllectanterimplornmns
942 3714 1062 3796 Nostri,
1077 3721 1114 3780 ut
1127 3716 1297 3797 iungamur
1311 3733 1384 3781 vere

269 3801 543 3886 Suaputrocinia:
942 3799 1137 3880 Angelorum
1153 3799 1303 3866 coetibus.

285 3909 379 3966 Text.
414 3907 505 3964 Morel
522 3907 574 3964 No.
584 3909 644 3962 213.
664 3905 692 3960 S.
703 3908 765 3963 138.
783 3920 851 3962 5555.-
869 3904 922 3962 Η5.
942 3907 1028 3963 5551.
1042 3906 1142 3962 5151155
1160 3910 1212 3964 546
1231 3905 1377 3978 (Brander)
1396 3906 1441 3962 Bl.
1452 3909 1513 3962 288.

530 4126 601 4188 340.
644 4117 696 4184 De
718 4119 866 4202 qualibus
886 4124 995 4188 saneto
1015 4121 1062 4187 nel
1083 4125 1205 4186 555515.

219 4265 247 4326 1.
271 4257 371 4325 Adest
385 4255 454 4322 dics
469 4254 620 4331 laetitiae,
892 4257 920 4321 2.
946 4251 1007 4330 Qui
1023 4253 1131 4336 (quae)
1143 4257 1216 4335 post
1226 4271 1340 4319 aurum
1350 4273 1413 4321 non
1425 4256 1515 4337 abiit,

272 4337 652 4420 Quadeuallemiseriae
946 4335 1057 4418 Neque
1071 4354 1160 4419 spem
1176 4355 1266 4403 suam
1279 4339 1388 4420 posuit

271 4425 339 4492 lete
354 4424 444 4508 (ista)
457 4423 570 4489 beatus
586 4423 708 4504 (beata)
729 4419 821 4487 exiit:
946 4419 984 4485 In
998 4421 1159 4487 thesauris
1173 4423 1342 4503 pecuniae:

272 4507 535 4592 Exntns(exuta)
552 4505 766 4585 carniscarie,
945 4503 1355 4604 Sedsolumvitampetiit‚

272 4593 410 4660 indutus
426 4591 552 4676 (155515
581 4589 664 4655 stola
678 4590 809 4672 gloriae,
947 4587 1050 4666 Quam
1063 4589 1150 4654 Deus
1163 4589 1211 4654 illi
1225 4589 1340 4655 tribuit

274 4675 425 4748 Gaudere
440 4675 481 4745 od
496 4691 551 4744 coe
564 4691 617 4742 um
632 4673 771 4742 transiit.
946 4672 984 4739 15
999 4672 1194 4758 sempiterna
1208 4673 1328 4760 requie.
