3266 5222
190 545 223 605 7.
249 535 315 604 Sed
329 543 367 605 ut
380 557 439 606 nos
453 539 539 608 beati

249 623 357 690 Simus
372 626 516 690 coronati

250 705 395 774 Concede
409 707 522 774 Maria.
545 709 655 774 Amen.

266 815 363 872 Text.
400 817 478 874 Miss.
498 815 576 874 fratr.
595 819 683 877 Paris.
706 821 782 874 1520,

748 997 909 1006 .—--—--—-
913 999 944 1005 -

563 1139 634 1200 307.
677 1133 729 1202 De
750 1135 842 1202 beata
863 1135 979 1204 Maria
999 1138 1131 1218 uimine.

193 1277 222 1336 1.
250 1265 420 1334 Gratulare
434 1265 525 1348 plebs
538 1267 642 1336 fidelis
865 1278 895 1336 4.
921 1271 1034 1337 Gaude
1048 1289 1123 1338 rosa
1137 1273 1280 1354 speciosa

250 1349 379 1416 Summo
395 1351 488 1433 patri,
503 1353 604 1432 quiin
620 1353 716 1422 coelis
921 1357 993 1422 Non
1009 1358 1132 1436 attrita,
1148 1375 1212 1422 non
1226 1376 1354 1426 comosa

248 1435 375 1516 Regnat
389 1435 609 1502 aeternaliter:
920 1437 1001 1505 Gelu
1017 1441 1250 1522 nequeglacie:

248 1520 294 1584 Aa
307 1520 340 1584 in
355 1520 468 1584 matris
483 1519 543 1586 Dei
557 1521 653 1588 laude
920 1523 1267 1604 Exquasoliustitiae

247 1601 327 1668 Toto
343 1605 416 1669 nisu
431 1605 536 1670 cordis
552 1605 670 1687 plaude
920 1609 1011 1672 Dono
1026 1607 1201 1692 sapientiae

247 1687 396 1753 Laudans
411 1687 492 1753 hane
506 1687 690 1756 solenniter.
919 1689 1079 1756 Processit
1092 1692 1232 1758 mirifice.

865 1777 894 1838 5.
919 1773 988 1840 Rex
1002 1775 1175 1842 immensae
1189 1775 1321 1858 pietatis

918 1859 964 1924 Aa
979 1860 1079 1924 tetius
1094 1859 1247 1924 bonitatis

919 1941 1004 2008 Audi
1019 1960 1129 2010 servus
1147 1943 1300 2009 dulciter:

920 2025 1059 2092 Matrem
1073 2031 1162 2092 tuam
1177 2027 1396 2096 collaudantes

192 1899 222 1958 2.
246 1895 334 1961 Haec
349 1902 400 1962 est
414 1897 497 1963 enim
511 1898 606 1964 laude
622 1897 719 1980 digna

246 1979 377 2046 Petrum
394 1981 519 2066 seriptis
534 1989 567 2048 et
582 2001 640 2066 per
655 1983 747 2065 signa

246 2063 401 2145 Figurate
419 2067 568 2132 coelitus:

246 2147 335 2214 Haec
351 2155 401 2214 est
415 2157 518 2216 mater
533 2149 756 2234 orphanorum,

246 2233 267 2298 S
340 2239 501 2300 tantorum
517 2235 704 2300 miserorum

245 2315 285 2382 Vr
323 2317 647 2388 ereddensadditus.

920 2111 966 2175 Ae
980 2115 1105 2176 reatum
1121 2111 1326 2194 deplorantes

919 2193 1118 2261 Delietnrum
1133 2197 1259 2277 ingiter.

864 2277 893 2338 6.
919 2277 989 2344 Tua
1003 2285 1114 2345 sanata
1129 2299 1186 2344 nos
1201 2279 1346 2347 doctrina

918 2361 1018 2442 Virgo
1033 2369 1137 2430 mater
1152 2367 1184 2428 et
1197 2365 1309 2444 regina

918 2445 1040 2530 Trahat
1054 2449 1096 2512 ad
1111 2447 1280 2512 eoelestia:

191 2533 220 2592 3.
246 2525 357 2592 Gaude
372 2545 490 2610 sponsa
504 2528 619 2594 summi
634 2527 729 2609 regis,
918 2529 1321 2596 Etmundatosasentina

245 2609 489 2678 condimentum
504 2613 699 2694 novaelegis
917 2613 1077 2680 Vitiorum
1091 2615 1133 2680 ad
1149 2615 1257 2680 divina

244 2693 382 2762 Lacteus
397 2696 477 2762 coeli
492 2697 669 2762 dominum:
917 2697 1023 2764 Ducat
1039 2700 1118 2764 coeli
1134 2700 1269 2781 gaudia:

245 2779 358 2844 Gaude
372 2785 475 2845 mater
490 2781 684 2862 incorrupta,
917 2779 987 2858 Qun
1003 2787 1035 2848 te
1051 2799 1176 2866 semper
1190 2783 1369 2862 adoremus,

244 2861 357 2928 Gaude
373 2863 474 2930 dulcis
490 2871 523 2929 et
537 2865 681 2947 innupta,
918 2863 1154 2946 Collaudemus‚
1170 2867 1376 2932 decantemus

244 2945 357 3013 Gaude
373 2947 646 3014 salushominum.
916 2948 955 3015 In
970 2950 1100 3017 coelesti
1115 2951 1227 3034 gloria.
1250 2953 1361 3017 Amen.

259 3052 353 3110 Teat.
388 3055 467 3112 Miss.
486 3055 566 3112 fratr.
585 3057 673 3114 Paris.
696 3059 772 3112 1520.

552 3390 624 3452 308.
667 3385 719 3452 De
740 3383 832 3454 baala
854 3385 970 3453 Maria
989 3387 1121 3468 virpr'rre.

192 3527 218 3585 1.
245 3525 327 3605 lesu,
342 3522 388 3588 fill
403 3520 517 3587 summi
530 3521 641 3602 patris,
917 3521 1065 3588 Gloriosa
1078 3521 1138 3586 Dei
1153 3527 1265 3600 mater,

243 3606 531 3688 lesnfifisanctae
547 3605 659 3670 matris
916 3607 1013 3672 Cuius
1028 3611 1124 3671 natus
1140 3611 1190 3672 est
1204 3613 1237 3674 et
1252 3611 1352 3692 pater,

242 3693 285 3758 Et
299 3693 439 3758 intactae
453 3687 604 3768 virginis:
915 3689 1022 3755 Patris
1036 3690 1227 3771 unigenitus.

243 3775 304 3853 Qui
319 3776 359 3840 de
374 3771 461 3840 coelo
477 3771 668 3837 descendisti
860 3777 889 3838 4.
916 3773 1013 3839 Cuius
1027 3773 1135 3838 alvum
1149 3775 1361 3857 praeoptavit,

242 3861 284 3926 Et
299 3855 494 3926 descendens
509 3855 640 3920 induisti
915 3857 1172 3938 Praemundavit,
1187 3859 1387 3942 praeaptavit

241 3939 634 4020 Verilurmamhominis3
915 3939 1091 4022 Utriusque
1108 3943 1256 4024 spiritus;

188 4025 216 4086 2.
241 4025 587 4106 Genitricispiapreee
913 4024 1043 4089 Nostris
1058 4043 1113 4090 ora
1128 4027 1340 4108 propeccatis

240 4109 341 4179 Nosa
361 4111 440 4188 luto,
456 4105 650 4172 nosafaece
913 4107 1008 4190 Apud
1022 4106 1142 4174 lonten
1156 4110 1286 4192 pietatis

240 4195 445 4262 Peccatorum
461 4191 571 4258 ablue:
913 4192 957 4257 Et
971 4192 1218 4259 misericordiae.

240 4279 284 4344 Et
298 4275 433 4345 concede
448 4275 546 4342 vitam
561 4292 684 4358 puram,
859 4277 888 4339 5.
913 4275 957 4340 Et
972 4275 1013 4340 da
1026 4295 1100 4342 vere
1114 4279 1278 4360 poenitere

239 4363 283 4429 Et
297 4363 338 4428 da
353 4377 462 4443 pacem
476 4376 717 4442 permansuram
912 4359 957 4424 Et
971 4359 1087 4426 delicta
1101 4365 1213 4428 nostra
1227 4361 1313 4442 flere,

239 4449 284 4514 Et
298 4446 435 4513 sulutem
449 4445 564 4510 tribue.
913 4441 997 4508 Dum
1011 4447 1344 4528 tempusestveniae:

188 4529 215 4590 3Ι
239 4533 339 4598 Nobis
353 4531 419 4595 tuis
433 4527 561 4593 famulis
913 4525 957 4592 Et
971 4545 1042 4592 cum
1056 4534 1112 4595 tuo
1127 4527 1193 4594 filio

239 4611 581 4694 Necnonapericnlis
913 4608 1026 4692 Simus,
1043 4613 1122 4678 etin
1138 4614 1218 4678 solio

238 4697 519 4766 Liberariannue:
912 4693 1066 4763 Perennis
1080 4695 1231 4764 laetitiae.
