3234 5246
679 273 909 340 -431-

107 503 111 510 .
132 456 168 516 8.
196 449 312 514 Elevat
326 466 399 513 nam
414 451 545 528 praesul

196 532 336 614 Insignis
352 532 482 599 sedulas
498 552 607 616 preces

197 616 308 696 lingua
322 633 380 680 ceu
396 621 519 698 sanata,

197 701 303 780 Atque
318 701 387 780 pias
402 704 511 779 grates

197 781 323 848 ferebat
337 782 464 850 domino
481 783 608 850 Christo

198 883 318 948 organo
333 868 485 948 gutturis.

136 955 169 1014 9.
198 951 387 1016 Persecutor
402 952 518 1016 timens

197 1033 267 1099 eius
281 1033 472 1101 reviviscere
487 1036 634 1116 virtutes,

199 1117 354 1198 dampnat
368 1119 527 1186 sententia
542 1119 672 1202 capitali

198 1201 347 1283 primitus
363 1203 527 1270 invictum.

869 451 986 518 Sancte
1001 452 1171 534 Leudgari,
1188 453 1319 520 Davidis

870 555 945 602 vere
959 537 1051 602 miles
1067 537 1194 616 nobilis,

870 621 996 686 veniam
1011 619 1149 703 deposce

871 721 980 769 servos
991 710 1065 769 tuos
1081 709 1114 768 et
1125 721 1290 784 cognosce,

872 786 917 851 Ut
932 807 989 852 nos
1004 787 1136 869 virginis
1150 787 1235 853 filius

870 873 935 937 tuis
951 869 1050 936 flexus
1064 872 1211 954 precibus

872 961 977 1020 tecum
994 955 1091 1022 donet
1105 971 1205 1036 regno

870 1039 1070 1119 congaudere
1087 1039 1290 1121 sempiterno.

212 1325 237 1364 a.
255 1308 348 1364 Text.
384 1311 469 1367 Mona
486 1311 539 1369 No.
560 1313 630 1366 1029
658 1315 694 1384 (3,
719 1313 782 1381 393)
812 1329 879 1367 aaa:
907 1313 995 1368 ciuem
1022 1311 1192 1368 Morbocter
1219 1312 1367 1369 Meculonio
1393 1315 1441 1369 dea

137 1383 184 1433 12.
199 1379 300 1436 iatri.
318 1397 356 1436 su
375 1381 495 1438 Colmar.
532 1382 652 1437 Dareus
670 1383 721 1439 tac
740 1400 768 1437 ea
787 1383 945 1438 atthitra
963 1385 995 1438 in
1012 1387 1104 1439 seincr
1122 1384 1237 1438 histoire
1257 1384 1291 1438 de
1310 1403 1331 1442 s.
1342 1386 1441 1454 Liger.

137 1451 229 1508 Paris.
248 1455 309 1507 846.
328 1451 357 1506 S.
376 1456 429 1508 506
447 1453 604 1508 obdruclcen
622 1454 724 1521 lescen,
752 1454 819 1508 aber
845 1456 923 1509 nicht
952 1457 1023 1510 olane
1041 1454 1195 1524 Lessclvlcr,
1222 1456 1281 1509 ancl
1308 1456 1378 1510 ohne
1396 1457 1442 1512 dic

138 1521 401 1595 Zeiienobttciiunp
419 1525 469 1580 der
485 1524 540 1580 Hs.
559 1531 654 1595 atrenp
672 1525 881 1581 bmzubeivclten
905 1528 974 1582 oder
997 1527 1039 1582 cic
1056 1527 1188 1582 metricat
1206 1543 1244 1582 aa
1261 1527 1440 1598 ocricttipen.

137 1593 234 1650 Mane.

212 1681 239 1736 b.
258 1680 440 1737 Leaortcn.
477 1684 503 1752 ὅ,
522 1686 547 1738 3.
567 1683 642 1738 inter
654 1683 729 1752 scivit
748 1685 797 1738 der
814 1683 867 1739 Ha.
887 1715 921 1726 -
939 1688 966 1754 8,
985 1687 1010 1740 3.
1029 1699 1079 1740 aeu
1097 1684 1150 1740 Ha.

213 1785 235 1823 c.
253 1770 404 1825 Bemcrlc.
443 1771 531 1827 Ueter
548 1771 811 1845 daaBlvyttmioclvc
829 1779 879 1828 cic.
898 1774 1008 1844 apricat
1016 1773 1135 1828 Bartsch
1144 1772 1173 1828 S.
1183 1777 1226 1830 16.
1237 1777 1297 1829 102.
1308 1777 1369 1828 117.
1379 1776 1440 1828 123.

574 2042 645 2106 632.
688 2039 740 2106 De
761 2059 786 2106 s.
810 2040 1012 2123 Leodeporio.

146 2179 174 2238 1.
199 2170 394 2238 locundetur
409 2172 551 2251 ecclesia,

200 2262 294 2340 grata
308 2257 377 2322 Deo
392 2257 563 2338 praeconia

241 2340 347 2406 cordis
363 2357 484 2419 organo
499 2341 635 2420 salvane,

195 2425 323 2490 hortum
340 2423 436 2504 digne
449 2425 608 2490 rosarium

199 2526 322 2573 morum
336 2507 569 2588 Leodegarium

240 2592 295 2674 pia
309 2591 405 2656 laude
419 2592 595 2657 revolvens

145 2677 174 2737 2.
199 2677 293 2742 Hunc
307 2675 447 2740 nobilem
462 2677 615 2774 prosapia

201 2777 257 2824 rex
271 2777 383 2840 regum
398 2777 455 2840 per
469 2777 626 2842 prmcrpna

243 2843 345 2925 prima
359 2843 551 2920 nobilitavit,

203 2945 300 3008 agens
314 2925 425 3006 forma,
441 2927 586 3007 materia,

201 3009 282 3100 finis,
298 3011 408 3090 virtue,
424 3011 549 3092 peritia,

243 3099 322 3176 quot
336 3095 369 3160 in
384 3112 421 3160 eo
435 3094 594 3175 probavit.

148 3180 175 3240 3.
201 3179 284 3244 Nam
299 3179 408 3260 stirps,
422 3195 578 3258 sanares,
595 3178 710 3260 anima,

201 3280 325 3344 corpus,
345 3267 437 3328 actus
450 3261 535 3327 hunc
550 3263 671 3344 optima

242 3347 328 3413 vitae
343 3346 417 3411 dote
431 3347 589 3428 probavit,

201 3449 260 3496 nee
274 3429 365 3510 fides,
381 3447 454 3513 spes
470 3429 544 3496 huic
560 3428 672 3507 defuit,

201 3532 295 3594 quem
310 3515 436 3595 cavitas,
452 3532 517 3595 qua
530 3512 659 3596 ferbuit,

242 3599 276 3663 in
290 3603 425 3664 mortem
440 3598 602 3666 animavit.

148 3674 176 3734 4·
200 3681 408 3762 Excaecatur,

200 3767 367 3832 mutilatur

198 3851 342 3933 pedibus,
359 3851 478 3932 lingua,
494 3849 599 3926 labiis,

242 3934 300 3999 sed
313 3935 401 4016 viget
415 3935 532 3999 mentia
547 3933 645 4012 usus,

871 2194 984 2255 senno,
1001 2193 1130 2258 gressus

870 2261 915 2324 nil
931 2277 1107 2342 perpenset,

871 2343 1048 2409 decollatur
1061 2340 1231 2425 praesidiis

912 2427 1028 2508 capitis
1043 2427 1110 2492 veri
1124 2425 1211 2492 fisus

816 2598 845 2658 5.
871 2591 973 2658 Affert
986 2591 1104 2658 mundo
1120 2598 1283 2675 stuporem

871 2677 923 2742 hic
937 2683 1003 2742 tam
1020 2677 1125 2757 dignis

871 2761 994 2844 pollens
1010 2759 1110 2841 signis

912 2843 980 2909 vitai
994 2851 1124 2910 sanctus
1139 2847 1172 2910 et
1186 2843 1291 2911 obitu:

871 2935 1036 2994 resumunt
1051 2947 1123 2996 narn
1139 2929 1280 3009 vigorem

872 3013 959 3093 aegri
974 3013 1061 3092 laeti,

871 3113 962 3162 sacra
976 3094 1050 3161 freti

914 3198 973 3245 sua
987 3195 1081 3262 prece
1094 3179 1146 3245 vel
1161 3177 1261 3243 aditu.

815 3352 844 3412 6.
870 3347 897 3412 0
913 3350 1021 3428 pastor
1036 3345 1128 3424 bone,

872 3432 946 3510 dux,
961 3435 1106 3511 patrone,

871 3513 935 3580 leni
948 3531 1080 3595 precum
1095 3511 1286 3594 purgatione

914 3616 972 3664 nos
987 3613 1102 3678 aegros
1119 3613 1195 3661 cura
1210 3595 1305 3676 vitiis,

871 3687 908 3746 ut
923 3699 986 3746 non
1002 3679 1165 3746 subiectus

870 3766 1053 3831 intellectus

841 3887 844 3893 ,
871 3850 914 3916 sit
929 3849 1027 3929 carni,
1043 3847 1100 3914 sed
1115 3847 1206 3929 puris
1221 3845 1358 3912 reiectus

913 3935 1035 4016 primae
1052 3931 1173 3996 formae
1188 3930 1317 3996 delitiis.

214 4059 240 4098 a.
260 4041 351 4096 Text.
387 4041 472 4096 Mona
490 4040 543 4096 No.
564 4043 633 4094 1032
659 4041 696 4110 (3,
715 4043 778 4110 395)
802 4057 868 4096 oua:
894 4039 949 4096 He.
967 4057 1005 4095 su
1021 4041 1177 4110 Enpciberp
1194 4041 1227 4093 in
1247 4037 1444 4093 Untcvwaldcu

148 4115 167 4168 Ι.
185 4113 243 4184 ⁴123.
262 4116 305 4166 14.
325 4111 426 4168 Jatrn.
445 4113 497 4166 mit
515 4111 706 4167 Musikuotcu.
735 4141 769 4153 -
797 4111 898 4168 Daniel
914 4113 950 4202 ..v’
968 4115 1020 4168 313
1044 4113 1096 4168 tat
1121 4113 1175 4168 dea
1191 4109 1263 4166 Text
1280 4125 1332 4166 occ
1350 4109 1443 4179 Mona,

147 4185 194 4239 mit
211 4184 322 4254 einipon
339 4183 570 4254 Abweicianpen.

213 4271 241 4325 b.
260 4269 447 4327 Leoarten.
486 4274 510 4340 1,
529 4273 555 4326 4.
584 4271 680 4326 Ortum
699 4268 763 4337 Ha,
790 4286 850 4326 was
876 4272 948 4326 Dan.
971 4272 1025 4340 sair
1051 4272 1155 4342 riottip
1173 4271 1234 4326 uuit
1251 4271 1303 4324 mit
1321 4271 1370 4324 der
1387 4269 1443 4322 Er·

148 4343 279 4412 llirunp:
298 4349 389 4398 ortum
408 4349 453 4399 eat
470 4343 609 4398 rosarium
627 4357 733 4396 morum
751 4341 923 4410 Leodegarii.
951 4373 986 4383 -
1012 4346 1038 4412 2,
1057 4347 1083 4397 4.
1101 4357 1206 4412 „agens
1225 4343 1314 4396 forma
1332 4343 1371 4396 iat
1388 4340 1444 4394 mir

149 4413 255 4482 daniel,
275 4414 320 4470 die
337 4414 422 4469 Stella
440 4415 548 4470 onheim
560 4411 745 4484 fctlerhost.“
763 4413 855 4466 illone.
892 4414 1074 4483 „Legendum
1097 4415 1206 4470 videtur
1233 4428 1331 4482 ager:
1359 4415 1444 4481 poeto

148 4490 287 4540 enumerat
306 4487 398 4540 omnia
417 4485 498 4554 dona,
526 4499 596 4554 quae
623 4483 781 4552 obtigerunt
798 4483 982 4553 Leodegario,
1008 4501 1060 4540 nec
1084 4486 1283 4556 praetermittit
1300 4483 1443 4554 praedia.“

148 4556 252 4612 Daniel.
280 4587 315 4597 —
343 4561 368 4627 3,
389 4561 412 4612 1.
440 4555 506 4612 iana
524 4555 578 4610 Ha.
597 4555 680 4624 fama,
699 4569 754 4623 raa,
774 4555 833 4610 will
850 4557 921 4610 Dan.
940 4557 1022 4610 lesen.
1053 4587 1087 4597 —
1115 4561 1140 4624 5,
1159 4561 1185 4611 2.
1213 4563 1288 4625 „tam
1302 4553 1386 4623 seivit,
1414 4569 1443 4607 co

148 4627 219 4683 toan
238 4629 311 4684 auct
330 4634 372 4683 tot
390 4628 512 4684 scazon
531 4629 623 4684 Mona.
643 4655 677 4669 -
696 4626 798 4684 Daniel
817 4626 887 4681 itaet
905 4633 962 4682 tam
979 4643 1045 4698 wep.
1064 4658 1099 4670 -
1118 4632 1144 4698 o,
1162 4630 1187 4681 6.
1206 4643 1289 4696 aeger
1307 4625 1360 4680 Ha.
