3234 5246
737 237 967 300 -414—

226 421 256 480 4.
279 413 440 480 Edusione
455 413 509 496 qui
525 416 690 498 sanguinis
705 421 853 483 emerunt
867 416 1000 482 coelum.

227 504 256 563 5.
279 499 446 564 Ianuarius
462 517 534 564 nam
550 501 706 583 princeps,
722 501 777 584 qui
792 498 853 567 tuit
866 500 1006 582 praesul,

227 586 256 646 6.
280 582 448 648 Accinctus
463 601 539 649 seno
554 585 595 649 ad
611 603 745 667 poenam
761 602 893 650 numero
911 583 1057 650 fratrum.

227 671 256 730 7.
279 667 463 732 Benevento
478 686 577 748 regno
591 669 656 733 tale
671 670 768 736 decus
783 669 922 746 emicuit,

226 756 256 816 8.
279 749 365 825 Quos
382 751 528 816 Christus
542 752 638 818 saluti
654 752 740 818 misit
754 752 888 818 Sueviae
905 751 1055 817 medicos.

226 840 255 898 9.
277 834 338 898 Eia
352 835 414 898 iam
430 833 557 914 fratres,
573 835 735 918 placemus
750 836 912 902 dominum
927 835 996 902 odis
1011 836 1145 912 devotis,

207 922 256 982 10.
279 916 340 992 Qui
354 936 412 983 uos
428 919 539 984 sedula
555 938 648 1002 prece
663 927 839 1002 martyrum
856 925 987 987 coronet
1001 919 1172 1002 languidos

207 1007 255 1066 11.
279 1001 321 1066 Et
336 1008 466 1068 tueatur
479 1005 512 1067 in
529 1021 650 1069 aevum.

275 1127 300 1164 a.
321 1109 414 1164 Text.
451 1111 534 1167 Mona
554 1111 605 1166 No.
625 1113 678 1168 976
697 1115 732 1181 (8,
752 1113 814 1182 3411
833 1127 900 1167 aaa:
918 1111 970 1167 Ha.
989 1129 1026 1168 su
1043 1113 1084 1168 St.
1104 1110 1204 1168 Golden
1222 1111 1275 1168 No.
1295 1112 1348 1168 616
1359 1111 1516 1182 (Bronder)

204 1181 222 1237 f.
246 1183 303 1237 191.
323 1185 366 1234 15.
390 1182 488 1239 auara.
515 1184 566 1236 mit
594 1181 687 1238 Noton
714 1183 774 1238 acad
800 1184 850 1238 der
867 1182 1060 1255 Bemerlcanq:
1086 1185 1162 1240 beati
1185 1183 1304 1240 Notlreri
1323 1191 1514 1253 cognomento

204 1242 482 1378 gfflffiffquenha'
502 1254 589 1308 tituli:
617 1253 753 1310 Metensis
772 1255 870 1309 minor.
907 1285 941 1296 -
978 1255 1079 1311 Daniel
1098 1255 1131 1324 V,
1153 1259 1203 1310 107
1226 1255 1277 1309 luat
1294 1255 1348 1310 den
1365 1253 1436 1309 Text
1455 1271 1514 1310 1111

275 1409 476 1468 1111111111.
516 1409 605 1467 Uebar
634 1413 688 1468 dac
712 1411 913 1484 thtdmiache
936 1420 986 1468 etc.
1012 1415 1123 1484 apricat
1148 1413 1267 1471 Bartsch
1290 1415 1318 1470 S.
1337 1419 1362 1469 6.
1383 1417 1407 1468 7.
1427 1417 1470 1468 75.

761 1641 958 1648 *um-.--

456 1810 528 1873 611.
572 1804 625 1870 De
645 1823 688 1870 ss.
711 1804 868 1870 Ianuario
889 1809 916 1868 et
937 1803 1032 1869 sociis
1052 1803 1256 1886 matyribus.

227 1941 254 2000 1.
277 1936 436 2004 Immenso
451 1939 636 2020 angelorum
652 1943 748 2021 atque
762 1939 924 2005 hominum
939 1939 1007 2020 regi
1022 1937 1099 2004 laeti
1114 1955 1223 2006 omnes
1241 1935 1364 2001 incolae

225 2024 254 2084 1.
276 2020 423 2104 Pangant
437 2042 565 2105 ymnum
575 2025 703 2122 ‘insulae
718 2023 982 2104 Rhenaugiensis‚
1003 2023 1098 2088 istum
1122 2022 1176 2104 qui
1196 2020 1338 2103 septenis
1356 2019 1511 2102 martyri-

225 2194 253 2252 3.
277 2188 336 2252 Tui
352 2107 413 2270 3ng
422 2107 777 2272 §gregatmiffi’tantibus
793 2207 917 2256 crucem
933 2207 1034 2255 suam.

225 2279 254 2334 4.
278 2272 326 2336 En
342 2273 483 2353 pontifex
498 2275 637 2356 praefuit
651 2275 700 2340 his
715 2274 894 2354 Ianuarius,

225 2360 253 2418 5.
278 2355 463 2422 Clarissima
476 2359 592 2440 typicis
607 2359 753 2425 columna
768 2377 806 2424 ex
823 2364 956 2442 septem.

226 2443 254 2502 6.
277 2439 450 2506 Tormenta
465 2459 561 2507 saeva
575 2444 635 2508 sub
652 2443 787 2526 primate
802 2443 1001 2508 Diocletiano
1017 2439 1151 2524 pertulit
1165 2456 1223 2521 pro
1239 2437 1376 2503 Christo.

227 2528 255 2585 7.
279 2523 358 2588 Cum
373 2524 473 2591 nollet
488 2525 555 2592 deis
571 2527 745 2592 libamenta
758 2545 889 2610 ponere,
904 2527 1040 2592 carceris
1055 2529 1215 2590 tormento
1231 2521 1338 2596 afficit,

224 2611 254 2671 8.
278 2606 378 2686 Quem
394 2609 507 2675 exinde
522 2608 656 2676 ferventi
671 2611 794 2678 camino
808 2611 952 2677 tradidit.

225 2696 254 2756 9.
276 2691 369 2757 Hunc
384 2712 447 2757 non
462 2695 580 2760 timens
594 2695 734 2772 intravit,
750 2713 845 2760 sanus
860 2701 893 2760 et
908 2693 1013 2760 exivit.

206 2779 255 2838 10.
277 2775 337 2841 His
351 2777 463 2858 poenis
477 2779 594 2876 sppetis
609 2783 685 2844 tunc
700 2779 802 2845 hostis
817 2778 935 2845 Christi
949 2776 1043 2844 iussit
1064 2779 1215 2841 cruentus
1238 2773 1375 2856 diripere
1389 2788 1506 2838 nervos

207 2947 254 3007 11.
276 2861 540 3044 Hincalfflgtlfrrsgis
561 2951 697 3030 tyranno
719 2947 850 3026 visibus,
872 2947 935 3012 iam
958 2945 1083 3012 excelsa
1103 2947 1218 3028 petunt
1242 2941 1307 3024 poli
1331 2940 1425 3006 simul
1448 2940 1503 3006 de·

206 3115 253 3178 12.
277 3111 303 3177 0
319 3029 544 3194 lafflalffif'cum
560 3114 766 3192 militonibus

206 3199 253 3258 13.
277 3195 343 3261 Nos
359 3198 427 3262 ileo
441 3198 588 3280 precibus
604 3199 763 3282 supplices
777 3197 960 3280 frequenter
975 3197 1197 3264 commendare
1212 3197 1353 3278 dignare.

275 3303 368 3360 Text.
405 3305 494 3360 Morel
513 3305 565 3361 No.
584 3309 645 3362 439.
665 3306 692 3361 S.
711 3310 765 3360 243
784 3323 851 3362 aare:
869 3305 922 3362 Hs.
941 3323 995 3362 con
1013 3305 1147 3362 Rheinoa
1163 3306 1216 3362 No.
1238 3309 1279 3360 11.
1297 3307 1340 3358 14.
1359 3301 1458 3360 Jahrb.

513 3607 583 3668 612.
626 3603 677 3670 De
697 3624 723 3670 s.
746 3603 858 3672 Iodoco
880 3602 1030 3689 (ladoco)
1053 3603 1190 3668 11111111.

202 3717 277 3783 (Dar
301 3719 399 3772 11111111
426 3719 503 3773 Sota
530 3721 577 3774 des
604 3719 714 3788 Kolaios
731 3719 848 3777 Jutluaal
872 3723 905 3776 ia
923 3723 972 3776 der
989 3721 1139 3790 Bretnpae,
1167 3720 1237 3774 11111
1262 3720 1294 3772 s'a
1322 3718 1372 3773 der
1390 3714 1496 3770 macae

420 3789 540 3858 Broluic,
559 3806 602 3845 wo
621 3793 708 3846 erim
728 3791 757 3849 J.
777 3797 830 3848 653
848 3793 937 3860 scarb,
956 3791 1066 3847 11111111
1084 3807 1131 3847 om
1149 3793 1191 3844 13.
1211 3790 1295 3858 1111.)

207 3917 232 3974 1.
259 3909 387 3975 Laudes
403 3910 469 3975 Deo
485 3912 705 3992 persolvamus
930 3911 1085 3978 Mundum
1101 3911 1223 3994 spernit
1236 3913 1270 3974 et
1285 3913 1411 3975 terrena

258 3994 333 4072 Nos,
349 3995 404 4075 qui
420 3995 520 4060 sancti
535 3996 733 4064 celebramus
931 3997 1038 4063 Mente
1053 4012 1210 4078 quaerens
1223 3993 1290 4060 Deo
1305 3993 1401 4075 plena

257 4076 550 4144 Iudocisolemnia:
930 4079 1218 4161 Paradisigaudia.

259 4159 356 4225 Pater
370 4163 462 4228 nobis
478 4181 570 4244 opem
586 4165 704 4245 mittat,
875 4169 904 4230 3.
931 4164 1049 4232 Coetus
1064 4168 1172 4230 noster
1185 4163 1259 4228 hinc
1274 4159 1441 4242 applaude,

261 4245 360 4309 Cuius
375 4245 441 4308 vita
457 4265 514 4311 nos
529 4248 645 4312 invitat
930 4249 1023 4314 Hunc
1037 4249 1159 4313 honore
1174 4245 1305 4328 dignum
1321 4244 1425 4316 laude,

258 4327 309 4392 Ad
324 4328 404 4393 coeli
418 4329 549 4409 palatia.
931 4333 992 4410 Qui
1007 4333 1085 4396 vivit
1100 4332 1133 4396 in
1147 4331 1260 4413 gloria.

204 4415 232 4475 2.
258 4412 347 4491 Rege
363 4415 457 4477 natus
473 4419 506 4478 et
519 4415 631 4495 regina
874 4423 904 4482 4.
930 4417 1040 4484 Sciant
1054 4433 1164 4482 omnes
1179 4421 1213 4481 et
1226 4415 1330 4480 sciant
1344 4411 1465 4508 singuli,

260 4494 348 4560 Coeli
364 4495 469 4578 gliscit
484 4504 518 4562 et
532 4497 640 4564 divina
930 4502 1000 4568 Non
1016 4499 1325 4582 quaesivitglon’am
1340 4495 1461 4574 saecul,

260 4578 397 4646 Deitatis
415 4583 536 4663 gratia:
929 4583 1276 4668 Necpatrisimperia:

1584 4401 1587 4521 l
