3240 5224
695 225 925 292 -340-

609 411 680 474 486.
722 405 775 474 De
794 427 820 474 a.
842 405 1025 474 Addideris.

169 547 197 606 1.
223 537 407 609 Hodiernae
420 543 475 609 lux
491 543 563 624 diei,
898 541 1065 610 Gastitatis
1081 541 1111 608 vi
1126 541 1273 624 refertus,

224 625 367 692 Celebris
381 629 531 710 martyris
546 628 605 694 Dei
897 629 1018 694 Labem
1033 627 1137 694 carnis
1151 626 1349 710 inexpertae,

225 709 381 776 clarescit
394 713 565 778 memoria:
897 711 1292 792 lncandoregermiuaus.

224 793 652 875 Decantenturharmoniae,
842 796 871 856 4.
897 797 1023 862 Florem
1038 813 1111 860 rosa
1125 794 1289 861 maritavit

224 877 346 944 Sonent
360 879 466 945 cordis
481 879 686 963 symphoniae
898 879 1058 955 castitati,
1073 877 1249 964 perforavit

223 961 547 1047 LaudetEuterpeia.
898 965 978 1030 Eius
993 969 1106 1048 pectus
1121 963 1251 1029 lancea:

169 1047 197 1107 2.
224 1045 419 1113 Iocundetur
433 1065 511 1129 gens
525 1047 674 1130 bohema,
897 1049 983 1114 Rore
996 1047 1076 1113 coeli
1092 1064 1168 1112 suos
1183 1046 1282 1129 pavit,

224 1129 283 1196 Oui
299 1131 379 1196 coeli
393 1132 483 1198 misit
497 1131 582 1198 dona
898 1131 1226 1212 QuemPrusorum
1243 1147 1321 1212 gens
1331 1129 1470 1212 expavit,

223 1213 345 1280 Christi
360 1215 579 1299 providentia:
897 1217 964 1282 Nec
978 1215 1108 1281 admisit
1121 1213 1234 1280 ferrea.

222 1299 355 1380 Praga
375 1299 509 1383 plaudat
522 1300 556 1366 in
570 1317 695 1382 corona,
842 1299 871 1362 5.
898 1301 992 1368 Salve
1007 1303 1137 1381 martyr,
1153 1298 1207 1380 qui
1221 1315 1388 1380 regressus

224 1381 327 1458 Quam
342 1381 660 1450 coniecitartebona
897 1383 1082 1461 APrussia,
1097 1382 1169 1464 figis
1184 1401 1312 1464 grossus

223 1466 341 1532 Divina
356 1467 537 1551 prudentia.
897 1467 1224 1534 IntuaBohemia:

167 1549 198 1609 3-
224 1551 299 1616 Flos
314 1557 365 1618 est
380 1559 456 1618 tuus
471 1552 678 1627 adalbertus,
898 1552 1081 1618 Advocatus
1095 1550 1282 1630 indefessus,

225 1635 322 1701 Ouius
337 1637 424 1702 color
439 1641 490 1702 est
506 1641 653 1718 repertus
898 1636 959 1716 Sis,
975 1641 1012 1702 ut
1025 1635 1117 1702 nobis
1131 1653 1165 1700 es
1180 1633 1355 1715 consessus,

223 1718 381 1802 (laudens,
396 1738 545 1796 vernans,
560 1721 758 1802 germinans:
897 1719 1193 1788 lnooelesticuria.

235 1827 332 1886 Part.
368 1829 460 1886 Morel
477 1829 531 1886 No.
550 1831 611 1886 309.
629 1829 658 1884 S.
678 1831 739 1886 185.
759 1847 827 1886 aaa:
853 1828 906 1884 Ha.
926 1845 964 1884 sa
980 1829 1021 1885 st.
1043 1828 1144 1885 Gdlea
1168 1829 1221 1886 No.
1240 1831 1293 1884 546
1321 1825 1470 1896 (Brander)

167 1901 212 1956 Bt.
231 1903 284 1956 304
302 1903 355 1957 mit
373 1903 423 1958 der
441 1901 570 1957 Melodie.
590 1933 624 1942 -
643 1902 745 1958 Daniel
762 1903 797 1972 V,
817 1903 869 1958 154
884 1901 945 1971 qibt
962 1904 980 1954 4
999 1901 1091 1956 dicem
1107 1900 1248 1969 atrophos
1272 1901 1305 1954 ia
1322 1897 1403 1954 sturlo
1421 1897 1470 1952 ab·

169 1973 351 2028 werhades»
367 1973 454 2029 Teate
472 1989 524 2030 aas
543 1973 685 2029 derectum
701 1971 909 2042 Haadaehrs'st:

173 2061 367 2117 1.Hodiernae
378 2061 427 2116 lnx
446 2059 501 2116 diei
844 2059 990 2118 aurorem
1007 2075 1089 2116 rosae
1106 2061 1250 2116 maritavit

206 2132 331 2189 Celebris
349 2133 480 2202 martyris
499 2132 553 2186 Dei
878 2131 1016 2201 castitati,
1036 2131 1100 2186 dum
1118 2131 1238 2202 perlarit

205 2204 340 2260 Olarescit
357 2202 502 2260 memora:
878 2204 947 2260 Eius
965 2208 1064 2272 pectus
1081 2204 1192 2258 lancea:

205 2276 397 2330 Decautontur
414 2274 586 2342 harmonias,
878 2276 954 2332 Rore
972 2273 1043 2330 coeli
1062 2291 1126 2332 suos
1144 2275 1230 2345 pavit,

207 2347 314 2402 Sonent
331 2345 422 2403 cordis
441 2343 630 2415 symphoniae,
880 2347 968 2416 Quem
987 2347 1154 2403 Prasiorum
1173 2362 1241 2416 gens
1258 2347 1419 2418 prostravit,

206 2417 371 2474 Recitentur
390 2417 508 2473 cantica.
879 2418 938 2473 Neo
957 2417 1069 2475 admisit
1087 2419 1187 2474 ferrea.

171 2494 198 2546 2.
209 2489 292 2546 Plebs
310 2489 435 2546 Bohema
453 2485 628 2558 iocundatur,
844 2492 870 2544 4.
879 2489 960 2546 Salve
978 2495 1084 2561 martyr
1103 2496 1243 2562 coronato,

207 2561 376 2617 Adalbertus
395 2560 440 2616 oui
458 2559 541 2616 datur
881 2559 1041 2631 adalberte,
1060 2562 1101 2617 vir
1118 2562 1209 2632 beate,

207 2632 274 2689 Flos
292 2637 325 2688 ut
342 2639 438 2689 sancte
456 2630 628 2702 germinans:
880 2631 955 2688 Audi
973 2638 1071 2689 nostra
1089 2633 1210 2688 canum:

209 2703 355 2762 (lectitatis
373 2703 400 2759 si
418 2701 548 2768 refertus,
881 2702 1041 2760 Advocatus
1059 2703 1215 2760 indefessus

208 2775 313 2832 Lahem
331 2775 422 2832 carnis
440 2775 613 2843 inexpertus,
882 2775 960 2830 Tuas
977 2775 1052 2844 plebi
1071 2776 1110 2832 sis
1127 2788 1278 2832 concessus

208 2847 241 2902 In
260 2846 381 2903 candore
401 2845 530 2903 rutilans.
881 2845 915 2902 In
932 2845 1048 2902 coelesti
1066 2847 1149 2903 curia.

721 3001 921 3012 --—---....

567 3117 639 3179 ast.
683 3111 735 3180 ne
755 3133 781 3181 s.
803 3113 936 3198 Aaou
957 3115 1073 3182 eaeo.

239 3232 328 3304 (Grai.
348 3231 391 3288 als
409 3231 466 3288 Act
485 3248 522 3288 so
540 3231 629 3288 Gilles
647 3234 680 3288 ia
697 3231 878 3290 Fraosreee
895 3237 935 3290 im
952 3234 981 3290 J.
1001 3239 1062 3304 700,
1081 3237 1192 3292 veretri
1211 3251 1257 3292 am
1275 3238 1301 3290 1.
1320 3235 1408 3304 Sept.)

192 3368 219 3428 1.
253 3357 343 3423 Siout
356 3371 466 3438 passer
480 3353 644 3421 solitarius
658 3355 691 3420 in
706 3359 800 3438 tecto,

254 3441 308 3508 Sic
320 3440 370 3507 vir
383 3439 537 3521 aegidius
551 3437 686 3521 pervigil
700 3439 733 3504 iu
748 3439 887 3506 Christo.

190 3532 220 3592 2.
252 3525 468 3607 Requiescens
483 3523 577 3608 quasi
592 3523 643 3588 leo
658 3541 729 3588 cum
742 3523 825 3590 Iuda
839 3525 998 3606 accubuit,

251 3611 337 3676 Dum
351 3609 474 3691 pullum
489 3625 581 3673 suum
596 3606 638 3672 ad
654 3608 776 3674 vineam
790 3609 892 3690 ligare
907 3609 1041 3676 studuit.

190 3699 219 3761 3.
253 3692 300 3759 Ut
314 3691 439 3758 catulus
453 3691 555 3757 leonis
570 3691 761 3758 ascenderat
775 3692 816 3758 ad
831 3693 983 3776 praedam

252 3777 397 3859 Alligans
411 3774 452 3842 ad
467 3775 564 3841 vitem
579 3775 702 3840 asinam
717 3793 818 3843 suam.

189 3867 217 3928 4.
251 3862 332 3929 (lum
346 3878 403 3944 per
417 3859 569 3926 virtutem
584 3859 703 3925 scalam
718 3859 838 3928 Sorech
852 3879 1009 3944 quaerens
1023 3861 1147 3928 vineam

253 3945 295 4012 Se
309 3962 462 4027 suamque
476 3942 605 4010 christo
619 3943 769 4011 iunxerat
781 3964 940 4030 sponsam.

190 4034 218 4097 5.
250 4029 312 4096 Hic
324 4029 474 4096 inventus
488 4027 556 4094 sine
570 4029 697 4095 macula

250 4113 282 4180 N
283 4131 319 4178 ec
333 4131 348 4179 s
371 4113 473 4180 eravit
486 4111 520 4179 iu
534 4113 695 4180 thesauris
710 4119 744 4180 et
757 4113 902 4197 pecunia.

190 4199 219 4263 6.
251 4195 301 4262 Ne
316 4133 376 4263 ,iffi
390 4195 517 4263 coluber
530 4197 564 4262 in
578 4197 639 4280 via,

252 4279 320 4347 Nec
334 4283 473 4347 cerastes
487 4298 601 4347 nocere
615 4285 725 4366 posset
737 4281 771 4346 in
786 4281 911 4349 semita.

190 4369 219 4431 7.
251 4364 312 4432 (lui
324 4383 383 4448 per
397 4369 526 4430 macae
540 4365 695 4432 trinitatis
710 4363 882 4432 efficaciam

180 4473 181 4478 ¹
252 4448 396 4518 Contulit
409 4453 534 4514 tautam
548 4447 636 4515 Deus
649 4451 836 4516 meritorum
855 4451 1001 4534 gratiam

191 4539 221 4602 8.
255 4533 301 4600 Ut
314 4533 542 4599 miraculorum
556 4549 724 4600 coruscans
739 4533 911 4603 virtutibus

252 4617 380 4686 Miseria
394 4617 573 4701 peripsum
588 4617 773 4687 subveniret
784 4618 943 4702 pluribus.
