3210 5230
758 335 802 355 -.
844 305 990 370 530*-

254 495 281 554 7.
300 489 383 554 Dum
399 487 605 570 plasnhcmus
620 487 812 556 dehonestat
925 493 955 555 9.
974 489 1001 553 Ο
1017 487 1165 570 Brigitto,
1180 493 1282 554 mater
1298 485 1372 569 pia,

302 573 472 654 Sponsam,
485 572 580 638 iudex
594 571 779 640 manifestat

303 656 485 722 Vindictam
500 655 734 737 blasphemiae:

301 740 364 806 Sed
379 759 398 806 a
413 739 490 806 feris
505 739 647 820 agitatus

301 823 512 904 Recognoscit
526 823 577 888 nio
596 829 715 904 reatus,

300 911 420 974 Locum
435 913 548 988 petens
564 908 684 974 ueniae.

253 997 282 1058 3.
303 993 398 1058 Caeci
413 991 532 1070 vident,
547 997 682 1057 currunt
695 991 810 1074 claudi,

302 1075 547 1154 congaudentes
562 1075 631 1140 cius
648 1075 736 1142 laudi

301 1160 508 1226 Reviviscunt
523 1160 657 1228 mummi

301 1245 401 1324 Aquis
416 1244 514 1308 maris
530 1249 760 1325 conquassatos

302 1329 415 1394 Plures
430 1327 537 1394 reddit
552 1327 734 1394 consolatos

302 1413 485 1494 Voluptatis
500 1413 617 1494 portui.

974 573 1179 639 Contristatis
1192 573 1227 637 in
1240 571 1303 638 hac
1320 571 1380 636 ria

973 657 1032 722 Pia
1046 658 1089 722 da
1102 657 1259 722 remedia:
1310 677 1316 686 ·

974 739 1124 806 Posthac
1139 741 1352 807 tenebrosum
1368 757 1458 804 mare

975 825 1045 890 Duc
1060 843 1127 906 nos,
1143 843 1206 906 qno
1220 825 1390 908 possimus
1406 823 1483 888 aare

973 909 1092 975 Videre
1107 909 1269 978 coelestia.
1301 950 1304 958 ι

1016 993 1164 1060 Alleluia.

907 1169 954 1228 10.
974 1159 1135 1244 Osponsa
1149 1158 1280 1237 Christi,
1298 1160 1460 1226 redolens

976 1243 1020 1308 Ut
1035 1244 1164 1326 myrrha
1179 1245 1394 1321 suavissima,

887 1369 893 1378 -
975 1327 1038 1392 Pro
1054 1329 1146 1394 uobis
1160 1345 1273 1410 preces
1288 1327 1439 1394 offerens

976 1412 1115 1477 Patrona
1130 1411 1175 1477 sis
1190 1411 1381 1478 mitissima.

304 1537 329 1575 a.
350 1519 443 1576 Text.
480 1521 570 1576 Morel
588 1521 640 1576 No.
660 1523 720 1576 373.
740 1518 768 1574 S.
786 1523 840 1574 213
857 1535 926 1574 aaa:
944 1515 997 1574 Ha.
1016 1535 1054 1575 su
1070 1518 1222 1576 sedatos
1241 1521 1365 1576 Nossa
1386 1517 1521 1590 (Brandtrl

233 1591 278 1644 ΒΖ.
297 1595 358 1658 362,
377 1594 429 1646 mit
447 1593 497 1646 der
515 1591 646 1646 Melodic.
684 1621 717 1632 —
754 1589 832 1660 „Eia
850 1593 974 1646 weitcrcs
993 1589 1067 1646 Laod
1089 1593 1121 1646 in
1138 1595 1174 1646 17
1192 1591 1384 1662 dreiaea'la'yen
1404 1589 1522 1656 &raptu

232 1661 305 1716 steht
322 1663 361 1718 im
380 1663 534 1722 sacrificale
553 1663 753 1720 itinerantium.
772 1661 945 1732 oppenheim
966 1665 1043 1718 1521.
1062 1662 1109 1720 iol.
1128 1663 1241 1718 stand
1252 1663 1345 1734 sdotgt
1364 1679 1401 1718 so
1420 1679 1471 1718 aaa:
1491 1657 1521 1712 lu·

232 1735 364 1790 sistentes
382 1735 564 1794 mnnlsnact‘
598 1735 682 1790 Mauo
701 1739 727 1804 3,
745 1735 807 1788 243.

303 1824 329 1878 b.
349 1824 504 1888 Remeat.
541 1823 579 1888 la
597 1823 653 1880 Str.
674 1825 699 1878 6.
712 1823 844 1892 senuna
867 1821 956 1876 Versa.

687 2135 757 2197 738.
799 2126 852 2194 De
872 2148 898 2194 s.
921 2125 1074 2208 Brigitta.

234 2269 260 2328 1.
286 2263 313 2329 0
328 2263 477 2344 Brigicca,
497 2269 600 2328 mater
615 2264 707 2342 bona,

289 2346 401 2411 Dulcis
417 2345 547 2410 duxtrix
561 2351 595 2412 et
609 2351 753 2428 patrona,

288 2430 389 2495 Nobis
402 2427 453 2492 lsr
468 2428 638 2512 suffragia:

287 2511 525 2595 Naufragantcs
540 2514 573 2578 in
588 2513 648 2580 hoc
663 2513 743 2580 meri

287 2598 356 2664 'luo
372 2598 470 2664 ductu
486 2597 621 2664 salutari

289 2684 359 2750 Duc
373 2683 415 2750 ad
430 2684 516 2748 vitae
531 2682 651 2748 bravia.

234 2769 264 2828 2.
285 2769 311 2834 Ο
325 2767 501 2850 praeclara,
517 2771 553 2831 tu
569 2765 702 2846 dignare

289 2851 487 2916 Delictorum
502 2851 673 2932 impetrare

289 2935 388 3000 Nobis
404 2933 523 3000 Christi
539 2933 679 2998 veniam:

288 3017 335 3083 Ut
347 3016 507 3100 possimus
523 3017 690 3098 respirare,

287 3101 331 3168 Et
342 3119 490 3180 excessua
505 3101 675 3168 emendare

288 3185 455 3252 Consecuti
470 3185 617 3268 gratiam.

905 2267 934 2330 3.
954 2259 1071 2326 Confer
1085 2259 1170 2324 uitae
1185 2259 1407 2340 sanctitatem,

961 2343 1097 2427 Corpori
1112 2343 1154 2410 da
1168 2343 1355 2426 puritatem,

960 2427 1027 2494 Nos
1041 2429 1228 2509 languentes
1243 2429 1384 2494 robora:

962 2512 1057 2578 Vitae
1072 2517 1200 2577 nostrae
1214 2529 1291 2596 rege
1309 2527 1451 2590 cursum,
1562 2531 1563 2589 i

824 2623 833 2638 ·
960 2595 1039 2661 Post
1049 2594 1131 2662 hanc
1142 2597 1240 2662 vitam
1254 2597 1398 2664 transfer
1407 2606 1516 2661 sursum

960 2679 1092 2746 Animas
1106 2679 1149 2744 od
1162 2681 1292 2760 gaudia,

961 2761 1025 2828 Ubi
1039 2763 1140 2829 Deum
1155 2764 1367 2845 contemplari

959 2845 1029 2912 libi
1044 2865 1170 2930 quoque
1184 2848 1301 2912 sociari

959 2931 1124 2998 Possimua
1138 2932 1171 2997 in
1185 2932 1299 3014 gloria.
1327 2925 1439 2998 Amen.

303 3294 396 3350 Text.
432 3293 522 3352 Mnrcl
541 3295 593 3352 No.
612 3299 672 3352 372.
691 3293 719 3350 S.
737 3295 792 3348 213
811 3309 878 3349 aas:
906 3291 960 3354 Hs.
978 3311 1016 3350 su
1034 3293 1075 3350 St.
1096 3293 1196 3351 Galles
1220 3297 1345 3352 113546
1375 3288 1512 3367 (Brauon),

231 3365 278 3422 Bt.
297 3370 358 3422 362.

473 3619 542 3680 739.
586 3613 638 3678 Dc
660 3613 812 3679 Patronis
833 3613 938 3697 Regni
958 3613 1088 3682 Sneciac
1110 3613 1297 3700 (Braneus).
1353 3694 1358 3702 ,

255 3761 281 3820 l.
304 3749 460 3816 Exultant
469 3747 663 3830 Angelorum
675 3747 764 3812 chori
778 3747 975 3814 hierarchiae
987 3748 1118 3830 triplici,
1133 3750 1254 3833 ordine,
1270 3769 1414 3833 numero,
1428 3739 1507 3814 olido

381 3833 550 3917 multiplici
564 3831 693 3914 conditi,
708 3831 850 3914 congniti
865 3831 925 3898 Dei
939 3834 1058 3898 virtute
1077 3832 1232 3915 simplici:

254 3925 283 3985 2.
305 3919 384 3985 Ruit
397 3935 472 4002 pars
486 3917 527 3983 ad
540 3915 606 3982 ima
621 3915 778 4000 deprime
794 3915 942 3998 spiritum
957 3917 1096 3997 origine:

254 4009 282 4070 3.
306 4003 420 4070 Gratia
434 4001 542 4069 divina
555 4001 648 4066 ruina
662 4005 865 4074 restauratur
878 4019 917 4066 ex
932 3999 1066 4066 homine.

253 4093 281 4152 4.
306 4086 407 4164 Quam
421 4087 535 4154 flebilia
551 4085 830 4170 Angelis-perdicis
845 4086 924 4151 haec
938 4091 989 4150 est
1004 4085 1215 4167 permutatiot
1246 4135 1250 4142 .

254 4175 283 4234 5.
305 4171 461 4238 Amabilia
476 4171 550 4236 filiis
565 4171 726 4236 homiuum
742 4169 775 4234 in
789 4187 923 4250 regnum
939 4169 1108 4236 successio.
1386 4175 1389 4182 '

253 4259 281 4319 6.
304 4254 374 4322 Iam
384 4255 449 4320 illic
457 4251 1103 4336 ascenditvictrixtribuainclyta:iamius
1111 4249 1506 4337 apprehendncriumpnou
1560 4307 1561 4337 ¹

382 4340 529 4404 ecclesia:
552 4337 669 4404 militat
683 4339 717 4403 in
731 4339 827 4404 terrie
841 4335 916 4403 tilia.

255 4429 283 4488 7.
307 4421 408 4500 Quam
424 4421 508 4487 dulci
524 4439 632 4486 amore
648 4441 783 4487 vernans
797 4421 979 4504 suscipitur,
1196 4479 1199 4486 .

252 4511 282 4573 8.
307 4505 396 4584 Quae
410 4511 501 4572 tauto
517 4503 639 4570 fervore
653 4505 766 4571 ruinae
778 4505 1010 4572 restaurandae
1026 4505 1068 4571 ad
1082 4507 1469 4590 vonturoooncnoisoitnr.

253 4597 282 4657 9.
306 4591 361 4671 Tc,
377 4589 457 4657 coeli
471 4587 661 4666 hierarchia,
677 4589 779 4656 omnis
793 4590 881 4656 natio
897 4589 985 4654 orbis
999 4589 1103 4670 replet
1116 4589 1222 4658 missis
1237 4591 1374 4658 nuntiis:

236 4681 282 4741 ιο.
306 4675 359 4756 Te,
375 4674 485 4742 mnudi
499 4673 693 4754 monarchia,
708 4691 798 4742 moro
814 4690 944 4743 munere
958 4673 1158 4754 recognoscit
1172 4676 1257 4744 datis
1268 4674 1357 4743 sun
