3266 5222
660 299 890 364 -230-

203 493 228 532 ιι.
246 465 341 532 Text.
378 475 468 534 More}
486 477 538 534 No.
555 481 614 536 190.
632 477 732 535 0101.
751 495 818 536 aue:
836 477 890 534 He.
908 493 946 533 tu
963 477 1005 534 St.
1024 477 1125 536 satim
1142 477 1195 536 No.
1215 481 1268 536 040
1286 478 1435 548 (Brender)

130 548 178 604 Bt.
197 552 259 604 255.
277 549 330 604 mit
348 549 409 604 dem
427 549 548 606 Ztceatu
565 550 731 608 Nostrorum
750 551 919 607 Gallensium
940 591 945 604 .
965 551 1164 606 monachorum
1182 551 1218 606 ad
1236 558 1342 606 nutum.

201 637 227 692 b.
246 634 402 692 Rumori.
437 636 492 706 „In
511 638 560 692 der
577 639 773 710 secisseiiiqen
792 637 913 706 serapte
929 637 1034 694 kommt
1052 639 1102 694 der
1123 636 1248 696 Weeiesel
1272 639 1320 694 dee
1337 636 1434 694 Reim-

149 707 487 838 ee‘fhlesscgtrtteseelfn'tsctnffieh
504 715 576 767 etatt
592 711 732 780 venetici)
750 727 802 767 vor
819 711 876 767 Str.
895 711 921 766 3.
940 713 967 779 5,
990 710 1055 766 sehr
1072 709 1168 782 Mufiy
1186 711 1231 766 bei
1247 709 1341 766 Adam
1359 725 1384 764 v.
1403 708 1433 765 S.

676 954 874 965 m

501 1111 572 1172 309.
614 1105 667 1172 De
688 1106 779 1175 beata
799 1106 913 1175 Maria
932 1107 1064 1188 vimine.

137 1250 163 1310 l.
188 1241 401 1309 Iocundemur
415 1244 449 1306 et
462 1241 618 1320 laetemur
861 1242 968 1324 Lepre
980 1241 1117 1324 languor
1130 1257 1217 1308 mors
1231 1248 1363 1310 curetur

188 1325 576 1409 InMerieematrispiee
861 1326 905 1392 Et
918 1325 1053 1393 adverse
1066 1345 1141 1410 pars
1155 1325 1287 1408 fugatur

189 1409 315 1476 Celebri
330 1409 498 1475 memorie:
862 1409 884 1476 S
929 1428 1033 1494 ogoge
1046 1410 1253 1494 perturbetur

188 1495 289 1577 Virgo
303 1497 405 1560 mater
419 1493 506 1560 Deus
521 1499 613 1578 pater
893 1493 1259 1576 aecvidensmsgnslie.

188 1577 292 1646 Homo
307 1578 410 1645 Natus
426 1595 517 1644 sacer
530 1577 643 1644 Fletus
804 1579 834 1639 4.
861 1578 1041 1644 Exceeeete
1055 1595 1134 1660 gens
1151 1579 1293 1662 maligna

189 1662 308 1729 Laudis
322 1663 388 1730 sint
401 1663 546 1730 materie.
861 1661 1243 1744 Visedetestetursigne

862 1745 995 1812 Crucem
1009 1751 1104 1829 peret
1118 1751 1152 1812 et
1165 1747 1297 1830 indigna

134 1836 163 1895 2.
189 1827 349 1897 Gabrielis
364 1847 425 1895 vox
440 1829 480 1897 de
493 1831 591 1898 coelis
862 1830 950 1897 Deus
966 1827 1230 1914 fertopprobrie:

190 1913 291 1991 Quem
307 1911 424 1980 effatur
437 1921 639 1996 protestatur
862 1913 926 1980 Sed
940 1931 1028 1980 mors
1042 1915 1127 1981 victa
1140 1918 1310 1999 superetur

189 1997 371 2064 Perituram
384 1999 556 2079 virginem:
864 1998 944 2064 Cum
961 1998 1000 2064 de
1015 2016 1126 2064 somno
1140 2000 1324 2080 suscitatur,

191 2080 291 2162 Virgo
305 2080 407 2146 eredit
420 2089 453 2146 et
467 2083 613 2148 coneedit
863 2081 902 2148 In
916 2099 979 2163 quo
993 2083 1086 2148 nobis
1101 2089 1305 2168 comparatur

189 2163 368 2231 Etintacta
381 2164 585 2233 materiante
864 2167 1005 2232 Aeterna
1018 2165 1160 2233 victorie

191 2247 317 2316 Novum
331 2249 418 2330 perit
431 2248 601 2316 hominem.
809 2245 837 2305 5·
863 2249 925 2316 Hie
937 2250 1075 2316 redemit
1088 2267 1167 2334 quos
1181 2245 1335 2336 peremi!

862 2333 990 2400 Primus
1004 2333 1099 2401 homo
1114 2335 1225 2419 lapsus
1244 2353 1337 2419 pomo

137 2422 166 2482 3.
192 2413 315 2483 Crescit
328 2434 408 2499 puer
420 2417 454 2483 in
468 2417 588 2482 virtute
863 2417 951 2500 Ergo
966 2434 1042 2483 voce
1056 2418 1199 2500 publica:

192 2499 286 2566 Geeci
301 2499 405 2567 claudi
421 2505 532 2584 gentes
545 2505 653 2566 mutae
865 2501 1037 2567 Proniores
1051 2501 1094 2568 ed
1108 2502 1243 2569 honores

190 2583 310 2651 Vident
323 2589 456 2651 currunt
469 2591 503 2650 et
517 2589 650 2667 argutae
865 2584 982 2652 Matris
996 2585 1057 2652 Dei
1072 2585 1179 2652 dicant
1194 2587 1223 2652 ei

191 2669 287 2736 Vocis
301 2668 380 2734 dant
393 2671 576 2756 praeconia:
865 2668 1152 2737 Avesalusuniea.
1174 2671 1285 2737 Amen.

207 2775 302 2832 Text.
338 2777 418 2836 Miss.
436 2777 516 2834 fratr.
534 2777 622 2834 Pstis.
644 2779 722 2834 1520.

690 2951 887 2966 --

511 3077 581 3142 310.
624 3069 678 3138 De
699 3071 788 3138 beata
808 3070 924 3138 Maria
944 3071 1076 3154 virqine.

140 3211 168 3276 1.
193 3204 491 3274 iubilemusinhae
507 3206 569 3288 die,
618 3257 621 3264 1
812 3211 841 3271 4.
866 3203 1049 3273 Hodiernae
1063 3205 1117 3271 lux
1134 3205 1199 3273 diei

194 3291 298 3370 Quam
312 3291 443 3373 reginae
457 3290 536 3356 coeli
551 3293 624 3376 pise
867 3291 944 3356 Dies
959 3289 1020 3356 fuit
1034 3290 1157 3372 requiei

193 3375 487 3442 Dicaviteeclesia:
866 3373 1245 3440 Plasmaton'somnium:

194 3459 284 3527 Haec
298 3465 348 3526 est
361 3459 440 3540 dies,
454 3460 489 3526 in
502 3476 568 3542 que
581 3476 640 3524 sue
868 3457 1230 3539 SiequievitinMaria‚

195 3543 280 3611 Vota
293 3543 363 3623 tibi,
378 3543 478 3624 virgo,
493 3548 551 3608 tus
868 3542 952 3607 Dum
965 3541 1188 3625 ipsiusinhae
1201 3543 1254 3608 vis

194 3627 313 3692 Reddit
327 3626 405 3692 haec
418 3625 549 3694 familia.
870 3625 969 3706 Virgo
983 3623 1021 3691 fit
1034 3625 1218 3709 hospitium.

141 3713 170 3775 2.
197 3711 298 3777 Omne
311 3711 451 3776 saeclum
466 3710 551 3775 omni
566 3709 618 3774 die
813 3711 843 3770 5.
868 3709 1010 3776 Cunctae
1026 3715 1102 3776 sunt
1115 3717 1193 3776 tune
1207 3715 1373 3776 creaturae

197 3795 289 3862 Servi
302 3794 418 3876 virgini
431 3792 564 3872 Mariae,
868 3793 995 3874 Factae,
1011 3791 1087 3858 dum
1102 3813 1182 3944 ophus
1197 3797 1331 3860 naturae

198 3877 310 3944 sedin
325 3879 385 3943 hee
399 3876 562 3943 devotius:
869 3875 1015 3960 complet
1028 3875 1116 3944 Deus
1153 3877 1241 3945 odie:

197 3962 309 4027 Inhae
346 3960 453 4042 sellas,
468 3961 502 4026 iu
517 3961 576 4027 hae
591 3977 673 4042 ores,
870 3959 1029 4028 Universa
1041 3963 1119 4028 tune
1133 3961 1254 4046 refecit,

198 4045 238 4110 In
251 4045 312 4110 hae
324 3981 437 4142 fantes
453 4049 486 4110 et
497 4045 627 4142 iabores
869 4044 955 4110 Dum
968 4045 1002 4110 in
1016 4051 1129 4127 matre,
1144 4047 1200 4128 qui
1213 4063 1273 4113 nos
1287 4043 1373 4124 fecit,

198 4128 243 4193 Et
256 4133 365 4202 cantes
378 4127 555 4194 locundlus.
871 4127 1049 4210 completo
1073 4147 1112 4196 us
1126 4131 1259 4210 gratiae.

144 4211 173 4274 3.
199 4211 309 4293 Virgo,
325 4229 408 4294 quae
423 4229 486 4277 nen
501 4211 598 4278 hebet
611 4229 730 4295 parem,
816 4209 845 4271 6.
870 4211 947 4278 Dies
963 4212 1038 4278 olim
1050 4148 1230 4296 genedicts„

197 4295 292 4362 Diem
305 4295 367 4360 sibi
381 4294 575 4376 singularem
870 4295 948 4362 Dies
963 4313 1088 4378 quoque
1103 4303 1216 4366 sancta
1230 4297 1316 4366 dicte

198 4379 272 4446 Non
285 4378 405 4444 iniuste
418 4379 579 4445 vendicat:
870 4379 947 4446 Fuit
959 4380 1023 4446 iste
1036 4397 1071 4445 se
1095 4380 1190 4448 tima:

201 4463 339 4545 Oquem
353 4461 449 4544 digne
464 4461 527 4529 sibi
541 4461 631 4561 dari·
872 4399 1155 4542 Quambenegieta
1169 4464 1296 4545 diceris,

199 4547 293 4613 Diem
307 4547 391 4612 hune
405 4551 437 4612 et
452 4563 632 4613 consecrari
873 4549 1007 4624 Scimus,
1022 4548 1112 4632 virgo
1126 4549 1307 4632 singularis,

199 4631 264 4700 Res
278 4631 422 4715 inspecte
435 4629 608 4715 praedicat.
872 4633 916 4698 Et
930 4649 1025 4714 quem
1039 4633 1083 4701 sis
1096 4635 1308 4704 sanctissime
1390 4693 1391 4697 ,
