3234 5246
675 367 818 434 -sal
864 401 903 416 -

379 547 450 614 571.
493 543 547 612 Dc
568 545 746 615 omlisaimo
763 553 858 632 pote
878 552 986 616 metro
1006 544 1192 616 Francicoo.

140 685 167 745 1.
193 676 302 744 Olaret
315 677 385 744 orbi

192 764 281 828 Aura
294 762 399 829 morbi

191 843 352 912 Francisci
367 845 512 914 devotio:

192 927 294 1006 Quam
309 929 454 998 accendit

191 1013 235 1080 ut
249 1015 392 1080 ostendit

191 1095 385 1181 Stigmatum
399 1099 575 1182 impressio.

136 1271 165 1332 2.
191 1263 324 1347 Signum
338 1263 399 1331 Dei

192 1349 291 1416 Dedit
305 1351 335 1416 ei

192 1432 317 1517 Seraph
331 1433 505 1517 apparitio:

191 1517 316 1600 Martyr
330 1522 435 1584 mente

190 1599 243 1668 lit
260 1607 421 1684 pungente

191 1684 245 1752 Sic
259 1686 377 1752 amoris
393 1683 510 1768 gladio.

205 1810 230 1851 a.
250 1793 342 1850 Text.
378 1793 456 1852 ntus.
475 1791 554 1850 11111.
573 1793 663 1850 Parin.
683 1795 762 1851 1120.

808 687 838 748 3.
863 681 988 761 Manus,
1003 679 1110 766 pedes,

863 766 963 834 Latus
979 767 1073 832 cedes

863 851 979 932 Plogat
993 867 1033 915 ex
1046 849 1208 920 incendio:
1348 865 1350 869 ’

865 933 944 1000 Cum
958 933 1100 1000 censuris

863 1017 946 1084 Novi
963 1018 1043 1084 iuris

864 1100 990 1167 Olamat
1004 1101 1084 1168 haec
1098 1099 1206 1172 editio.

807 1193 837 1254 4.
864 1183 951 1266 Ergo
966 1185 1085 1268 plaude

862 1267 969 1352 Digna
984 1269 1079 1336 laude

863 1353 1024 1418 Minorum
1038 1351 1169 1435 religio:

863 1435 991 1518 Magnis
1007 1436 1107 1518 signia

863 1519 947 1586 Dum
961 1521 1096 1602 insignis

861 1603 968 1670 Patris
983 1603 1137 1672 exaltatio

862 1687 979 1772 Fulget
993 1689 1026 1756 in
1040 1687 1194 1770 praemio.
1220 1689 1333 1756 Amen.

204 1881 231 1938 b.
250 1879 435 1938 Lcacrtco.
471 1885 499 1949 4,
520 1884 544 1936 1.
562 1881 595 1938 Ec
614 1881 725 1952 plange.
742 1882 822 1940 llice.

686 2082 884 2096 ἡ*

384 2243 455 2306 512.
497 2237 551 2306 De
571 2239 749 2308 tcuudmo
765 2247 862 2324 patro
882 2244 990 2307 nostro
1011 2239 1198 2306 Froecisco.

141 2390 168 2452 1.
193 2383 397 2452 Franciscum
409 2381 604 2450 laudabilem

194 2467 284 2534 Fecit
297 2468 385 2534 Deus
399 2467 534 2533 similem

196 2552 332 2632 sanctis,
348 2550 407 2617 sed
420 2552 597 2618 mirabilem

195 2636 403 2702 Permerita:

195 2720 346 2788 Patribus
361 2737 432 2786 cum
449 2720 586 2786 caeteris

196 2805 293 2871 Pater
308 2821 403 2870 verus
419 2803 543 2884 diceris,

197 2887 274 2956 Tuis
288 2887 384 2954 datur
397 2887 535 2971 posteris

195 2972 266 3039 Lux
279 2977 312 3038 ct
326 2973 402 3038 vita.

139 3057 170 3120 2.
196 3055 246 3122 Tu
259 3055 371 3122 Enoch
386 3053 568 3136 spiramine,

194 3139 243 3206 Tu
258 3139 327 3206 Noe
341 3138 505 3222 regimine,

195 3223 355 3292 Abraham
370 3225 404 3288 in
419 3224 540 3290 semine

116 3379 121 3388 ,
195 3307 402 3375 Benedictus:

196 3393 289 3459 Isaac
303 3391 466 3470 obediens,

195 3477 290 3543 Iacob
306 3475 408 3541 multa
421 3473 557 3556 patiens,

196 3560 260 3628 Sed
274 3559 389 3641 Ioseph
404 3557 568 3642 perficiens

196 3643 409 3710 venedictus.

140 3729 170 3791 3.
195 3728 324 3811 Moyses
338 3729 371 3793 in
387 3725 518 3808 regulis,

196 3813 292 3878 Iosue
306 3811 478 3889 miraculis,

197 3895 261 3963 Sed
276 3895 380 3962 David
394 3895 428 3960 in
442 3893 569 3978 populis

196 3980 404 4046 Nominatus:

213 4088 305 4146 Text.
341 4087 420 4146 Mise-
437 4085 518 4144 fratr.
536 4085 625 4144 Paria.
644 4087 722 4142 1120.

870 2383 1020 2450 Salomon
1035 2382 1214 2465 prudentia,

869 2467 988 2550 Helyas
1003 2467 1192 2548 redeuntia,

867 2551 1026 2634 Helyseus
1042 2551 1134 2632 copia

868 2635 961 2701 Faria
976 2634 1082 2701 datus.

813 2725 843 2784 4.
868 2718 985 2786 Esaiae
1000 2717 1132 2798 veritas,

867 2803 1012 2869 Danielis
1027 2801 1170 2881 castitas,

867 2886 1050 2953 Hieremiae
1064 2886 1209 2953 charitas

868 2971 914 3036 Tc
928 2969 1145 3036 commendat:

867 3053 912 3120 Te
926 3054 1089 3136 prophetis
1103 3054 1274 3134 conscium,

869 3137 1030 3221 Apostolis
1045 3137 1166 3204 socium

868 3221 1034 3302 Tuumque
1048 3222 1237 3304 martyrium

867 3305 959 3372 Mens
974 3305 1130 3371 attendat.

813 3385 841 3448 ὖ.
868 3389 895 3456 0
910 3389 965 3455 lux
980 3389 1212 3470 meditantium,

868 3473 973 3540 Decus
987 3473 1250 3557 praedicantium,

868 3557 993 3624 Titulus
1009 3557 1175 3623 humilium

868 3641 966 3707 Precc
980 3642 1047 3724 pio:

869 3725 964 3809 Apud
977 3725 1038 3792 Dei
1053 3725 1169 3792 Filium

868 3809 974 3876 Corda
987 3810 1194 3876 militantium

868 3895 953 3959 Inte
969 3893 1193 3961 confidentium

870 3977 1021 4046 Concilio.
1050 3979 1161 4045 Amen.

696 4265 895 4274 unm——

387 4421 460 4483 573.
502 4413 555 4482 Dc
575 4413 752 4484 autumno
766 4422 865 4500 patro
884 4421 992 4485 nosco
1012 4414 1196 4488 Froocrsco.

146 4555 173 4616 1.
199 4549 312 4617 Gloria
325 4551 467 4615 virorum

197 4633 348 4700 Fratrum
363 4649 537 4715 egenorum

201 4717 295 4787 Salve
309 4717 491 4786 Fraudata.

816 4556 845 4617 2.
872 4551 1032 4619 conserva
1046 4557 1174 4620 tuorum

873 4633 1001 4702 Statum
1013 4635 1152 4704 filiorum

871 4718 969 4788 Pater
982 4719 1161 4790 Franciscc.
