3186 5254
668 339 898 406 -521-

133 525 166 588 5.
192 516 328 586 Carnem
342 523 441 600 tuam,
456 537 584 588 curnam
598 519 720 590 Christi
808 531 838 592 7.
863 519 933 588 rua
946 519 1079 604 mandis
1094 522 1144 588 est
1157 520 1313 604 potestas,

191 603 253 669 Per
268 601 412 682 Monam,
449 623 524 670 uam
538 605 653 689 tulisti,
863 604 935 674 Tibi
950 605 1030 671 coeli
1045 605 1103 671 dat
1117 603 1269 672 maiestas

191 623 536 771 Recoprobaclinea:
863 689 1233 770 Matronatusgloriam:

193 770 265 849 Qua
279 789 351 838 cum
365 773 434 838 Deo
450 773 637 840 contraxisti
798 793 803 806 ·
862 773 913 839 Ad
928 771 1136 855 tranquillum
1152 789 1231 854 quos
1245 775 1400 856 potestas,

191 854 298 922 Genus
314 875 415 936 omna,
431 876 469 924 ao
483 857 586 923 uicisti
640 911 644 918 .
863 856 1078 924 Adfluentcm
1092 874 1173 940 quos
1187 861 1315 938 egestas

191 937 531 1022 Natacumvirginoa.
864 939 977 1022 Urget„
993 942 1232 1024 trahecopism.

133 1027 165 1088 6.
191 1021 239 1087 Τ1
254 1026 409 1090 terminus
425 1025 586 1106 tristitiae,
807 1031 837 1092 8.
862 1025 923 1090 Eia
936 1036 1039 1091 mater
1053 1025 1148 1108 plena
1163 1025 1256 1092 bonis

192 1107 360 1190 scaturigo
375 1109 529 1184 laetitiae,
863 1108 1056 1189 Gratiarum
1073 1107 1142 1174 dita
1156 1107 1249 1174 donis

191 1189 280 1267 Quae
294 1193 416 1273 prolem
431 1192 633 1259 benedictam
861 1193 899 1259 ln
914 1193 1078 1274 praesenti
1093 1209 1265 1275 pauperes:

190 1273 239 1340 De
254 1277 375 1357 grormo
390 1277 596 1358 deogratias,
861 1275 967 1341 Huius
982 1294 1111 1344 cursum
1126 1281 1200 1359 post
1214 1275 1326 1358 agonis

189 1357 326 1426 Matrem
342 1359 418 1426 solis
433 1361 576 1426 iustitiae
861 1359 971 1425 Trium
994 1361 1127 1426 hantum
1141 1377 1200 1425 nos
1214 1361 1248 1424 in
1266 1358 1391 1426 thronis

189 1441 277 1508 Labe
290 1461 423 1524 prorsus
437 1445 598 1510 invictam.
862 1379 1197 1510 1111111111.

205 1566 230 1605 a
248 1547 345 1604 Tenc.
382 1551 483 1607 Daniel
510 1549 545 1620 11,
563 1553 617 1606 110
644 1549 757 1608 ellim.
775 1549 984 1621 Brandonhurg.
1011 1551 1091 1608 initio
1119 1566 1191 1608 saec
1210 1547 1277 1606 xm
1307 1549 1361 1620 (A).
1398 1577 1433 1590 -

131 1619 213 1678 Miss.
230 1621 401 1678 Halberstat.
421 1627 489 1680 1111
509 1621 561 1695 (Β).

205 1709 231 1766 b.
249 1707 435 1764 Lcsortcu.
472 1712 498 1776 2,
519 1715 542 1766 1.
561 1709 605 1766 Ex
622 1715 650 1765 to
669 1709 695 1765 d.
715 1707 793 1765 1.Δ.
812 1738 847 1752 -
864 1712 892 1778 8,
910 1713 935 1766 3.
955 1707 1080 1780 pandens
1099 1751 1104 1762 .
1123 1751 1128 1761 .
1147 1707 1237 1780 inlusa
1255 1709 1290 1764 Δ.
1308 1735 1343 1750 -
1361 1710 1387 1778 7,
1409 1711 1432 1762 1.

132 1779 197 1850 Qua
214 1795 255 1850 ar.
274 1779 305 1834 B.
326 1809 360 1821 —
378 1783 404 1850 8,
425 1785 448 1836 1.
466 1781 503 1849 pl.
523 1781 604 1838 donis
621 1779 653 1836 B.
679 1803 684 1814 ·

686 1971 879 1984 -ιΙ-ιῡ-Ι-Ι-ιιισ

613 2125 683 2190 171.
726 2123 779 2190 Dc
798 2141 824 2188 s.
846 2122 954 2190 Aaou.

158 2271 186 2332 1.
206 2263 300 2332 Salvo
315 2270 419 2332 mater
432 2265 545 2332 matris
559 2264 630 2341 Dei,
826 2268 855 2330 6.
875 2263 924 2329 Tu
938 2265 1079 2345 primatu
1094 2279 1249 2345 geneseos

204 2349 293 2417 Gella
307 2350 405 2416 callae
417 2353 547 2416 nostrae
563 2350 641 2434 spei,
873 2345 1216 2428 Sectioncmparvulos

204 2434 307 2502 Arbor
320 2436 401 2500 rami
415 2433 562 2517 triplicis:
873 2431 976 2498 Doces
990 2437 1024 2497 at
1038 2430 1233 2514 decrepitos:

203 2516 593 2601 Salvcporadisiflumen‚
872 2515 1325 2584 Librisentenucellzechiua

203 2602 657 2685 Synagogaenovnmlumen,
729 2639 737 2656 ι
870 2597 1073 2666 (leuticorum
1087 2599 1274 2682 mentipiae

201 2685 313 2753 Fontis
329 2703 410 2753 vena
424 2685 569 2770 duplicis.
873 2681 1207 2751 Detexistiterminos.

155 2767 185 2832 2.
205 2769 298 2836 Salve
314 2789 369 2838 vas
384 2769 546 2836 conditum
561 2767 663 2852 melle,

201 2855 251 2920 De
265 2873 327 2936 ‘1¹¹⁰
340 2853 432 2953 finiit
446 2855 514 2920 ⁸¹⁸⁰
528 2853 601 2952 fille
827 2881 856 2944 7.
875 2875 923 2942 Tu
937 2877 1020 2944 roris
1033 2875 1176 2944 canneta
1191 2875 1286 2958 stilla,

204 2937 594 3037 susscufflfflbfllamss,
873 2957 1301 3044 nequaloquiturSybills,

204 3023 299 3090 Salve
314 3040 406 3089 sacra
418 3023 500 3104 legis
514 3022 663 3105 gloriosa,
876 3043 1238 3126 swan-samium:

203 3103 508 3172 Veterumtcmens
524 3105 675 3172 umbrosa
874 3125 1269 3210 TufibersepticlavatQ

203 3189 245 3256 Vi
260 3209 323 3256 uon
337 3191 464 3273 prentht
478 3189 601 3256 calami.
873 3211 1139 3294 Agnosopumde
1161 3217 1271 3278 umas

156 3267 185 3338 3.
203 3273 320 3341 Portae
333 3275 460 3344 clausae
473 3281 510 3341 tu
525 3279 689 3341 structura
874 3293 920 3362 Ut
935 3295 1088 3363 dissolvat
1101 3233 1213 3363 insita,
1274 3261 1281 3290 '

202 3358 404 3442 Nuucuparis
421 3360 480 3426 sub
495 3357 608 3442 figura,

202 3442 304 3523 Quam
320 3443 401 3508 vidit
414 3441 577 3510 Ezechiel:

202 3523 300 3609 Lapis
315 3526 426 3610 templi
439 3526 652 3611 praepararis,

200 3611 341 3676 loachim
357 3610 433 3676 dum
448 3611 616 3695 copularis,

60 3713 65 3722 ·
201 3694 343 3762 Mittitur
358 3711 430 3762 cum
444 3695 598 3780 Raphael.

153 3769 183 3842 4.
202 3777 402 3844 Foeounderi
417 3779 568 3858 sterilem,

201 3861 295 3928 'fanti
309 3864 407 3945 prolis
421 3863 573 3929 haerilcm

202 3945 310 4030 Typns
327 3947 617 4014 demonstraverat:

202 4031 295 4097 Rubo
311 4029 387 4096 dum
399 4029 548 4098 innititur

200 4114 340 4197 Moyses,
356 4116 507 4182 obiicitur
826 4116 855 4178 9.
874 4108 1053 4176 Salomonis
1069 4109 1207 4189 alumna,

199 4195 297 4264 Preco
312 4200 398 4281 quod
411 4205 606 4281 portaverat.
874 4191 1005 4259 Summa
1018 4197 1083 4258 tem
1108 4193 1131 4258 li
1146 4193 1304 4272 columna,

153 4277 182 4349 5.
200 4282 252 4348 Sic
267 4283 419 4350 convallis
435 4283 565 4349 humilis
873 4277 921 4344 Tu
936 4275 1062 4376 Safloch
1076 4212 1284 4376 thuribulum,

199 4363 505 4448 Tamaliturabilia
872 4363 1009 4429 Aaroms
1025 4361 1229 4440 conchulam,

200 4448 289 4527 Quae
303 4449 442 4518 fructum
456 4449 623 4534 parturiit:
870 4441 1041 4513 Philistiim
1056 4465 1119 4513 non
1134 4444 1273 4512 laederis

199 4534 513 4618 Deiparconsilium
871 4530 978 4597 Archa
992 4531 1094 4596 nostri
1108 4527 1257 4608 loederis,

198 4615 326 4685 Profert
340 4619 432 4702 spina
444 4619 555 4702 lilium,
870 4613 1266 4690 Abrahaeumbraculum

197 4701 285 4772 Reus
300 4702 360 4772 hoc
375 4702 496 4771 esuriit.
773 4787 782 4806 ι
871 4697 1005 4767 Doridis
1019 4702 1053 4765 et
1066 4697 1214 4764 iaculum.

825 3494 854 3558 8.
873 3489 988 3557 Nobila
1001 3489 1035 3555 in
1049 3493 1178 3572 patrum
1192 3505 1305 3556 reuma

872 3571 1106 3657 Prophetarum
1123 3589 1157 3639 es
1171 3573 1368 3656 propleuma,

873 3657 1016 3740 Sponsae
1030 3657 1116 3740 regis
1130 3657 1259 3724 solium:

874 3743 1039 3811 Gloriosus
1055 3741 1212 3824 cleophas

873 3826 935 3893 Hic
949 3827 1107 3893 secundus
1122 3825 1183 3891 tibi
1197 3841 1267 3892 mas

873 3909 927 3977 Fit
941 3914 974 3976 et
988 3907 1182 3994 capitolium.
