3240 5224
678 233 911 300 *337*

537 419 608 481 480.
651 411 704 480 De
727 416 846 482 saratas
866 414 1052 498 maylalbas.

171 557 195 616 1.
217 548 331 615 Gaude
344 549 493 616 eoelestis
509 567 636 632 sponsa,
653 549 766 616 summi
780 549 867 632 regis
882 550 947 616 iam
962 551 1116 633 templum
1130 551 1284 636 ingressa,

166 639 196 699 2.
217 633 269 699 Ad
283 633 392 715 regule
406 633 471 698 iam
487 634 665 700 convivium
680 635 786 714 ducta,

166 725 195 784 3.
218 717 261 782 Et
274 735 349 782 mox
362 718 523 783 intratura
538 717 653 784 cubilis
668 725 803 796 secreta,
819 735 945 800 semper
960 717 1050 799 virgo
1065 737 1227 786 mansura.

164 811 193 872 4.
216 801 317 866 Filius
331 801 427 882 regis,
443 807 568 868 amatur
583 803 749 882 eastitatis,
765 805 874 868 servat
887 805 1027 868 mentem
1041 802 1202 884 pudicam.

165 891 194 952 5.
217 885 302 951 Huic
316 903 432 968 sponso
447 886 587 952 venienti
600 887 739 967 virgines
755 903 864 952 omnes
879 885 1023 954 obviate:

165 975 194 1035 6.
216 969 312 1035 Ferte
327 969 491 1052 lampades
505 970 570 1036 iam
585 971 745 1050 ardentes,
760 970 894 1036 invasis
910 970 1014 1036 oleum
1029 971 1123 1038 simul
1138 971 1329 1052 deierantes,

166 1061 194 1118 7.
216 1054 260 1120 Et
273 1054 396 1135 regium
410 1053 601 1120 festinanter
616 1053 770 1122 adornate
784 1053 968 1120 thalamum.

163 1143 193 1203 8.
217 1139 260 1204 Et
274 1139 343 1219 regi
357 1155 469 1220 regum
485 1137 653 1204 decantate
667 1139 834 1218 cantuum,
851 1139 928 1203 solia
943 1138 1120 1219 virginibus
1136 1138 1380 1206 decantandum.

164 1227 194 1288 9.
217 1223 319 1288 Ianua
333 1225 432 1304 patet,
446 1240 529 1304 quae
543 1227 675 1304 paratae
689 1229 773 1301 sunt,
788 1221 917 1288 intrent

145 1311 193 1372 10.
216 1305 295 1372 (lum
310 1323 446 1390 sponsus
461 1307 556 1386 venit,
572 1308 645 1388 quis
661 1325 733 1372 eum
748 1308 837 1388 sequi
851 1306 963 1389 possit,
980 1305 1082 1372 omnis
1097 1305 1188 1389 virgo
1203 1324 1324 1373 mernor
1338 1309 1390 1374 sit.

145 1396 193 1455 11.
217 1389 266 1455 Ad
281 1389 359 1456 talia
374 1395 410 1456 tu
424 1409 482 1457 nos
497 1390 616 1472 gaudia
626 1391 754 1475 perduc,
766 1389 893 1456 Christe
904 1389 1161 1474 redemptonper
1172 1396 1205 1457 te
1215 1409 1336 1459 memor
1348 1409 1443 1474 spon-

292 1493 359 1550 sae,
372 1476 487 1556 iunges
501 1475 548 1540 illi
563 1480 730 1557 sparena
744 1477 777 1541 in
791 1479 834 1540 te.

213 1599 238 1638 a.
256 1581 352 1637 Trai.
388 1583 489 1638 Daniel
507 1584 543 1652 ΙΙ,
564 1587 615 1638 175
635 1583 689 1653 (Δ).
718 1584 928 1652 -Textssu
949 1582 1056 1652 (81-
1079 1581 1364 1641 Miss.(ialou.1504
1391 1583 1442 1654 (G).

141 1653 260 1724 Adelph.
281 1657 332 1710 126
353 1655 406 1724 (D).
426 1685 460 1696 -
478 1655 558 1712 Stelai
576 1657 649 1712 uach
665 1656 705 1710 im
725 1655 789 1712 (lod.
809 1655 835 1710 S.
855 1653 927 1712 Gall.
946 1653 998 1712 No.
1017 1657 1070 1710 646
1089 1655 1244 1727 (Brundur).

163 1815 169 1826 ι
195 1744 239 1826 1).
258 1741 442 1828 Leaarten.
478 1747 503 1799 2.
523 1759 581 1815 reg.
600 1758 710 1812 qunque
730 1744 758 1798 (l.
778 1773 812 1783 -
831 1746 856 1798 8.
876 1757 962 1811 semp.
981 1743 1030 1796 vir.
1050 1741 1142 1798 Maria
1160 1741 1214 1796 eall
1231 1742 1307 1828 nacla
1321 1743 1393 1798 Dan.
1411 1743 1444 1798 in

141 1814 568 1956 aululariam..
579 1812 1443 1970 naula·.s.rn.l.ss.rr..-¹.uur¹sr·..aa

141 1973 173 2011 so
193 1957 265 2013 aaut
282 1959 342 2027 regi
361 1960 468 2030 regium
487 1958 535 2014 Va.
555 1962 679 2013 8.-11.
698 1957 767 2012 talia
784 1963 815 2012 tu
833 1971 885 2012 nna
903 1997 910 2010 .
930 1997 937 2011 .
956 1956 1115 2026 redemptus
1135 1957 1163 2013 0.
1183 1986 1217 1998 —
1236 1973 1354 2027 iungens
1367 1958 1440 2013 Dan.

213 2061 234 2100 e.
253 2043 411 2102 Bamerk.
451 2045 539 2103 Uener
558 2047 603 2103 die
625 2045 866 2115 Varaaiatlrea'luay
884 2045 994 2114 spriclw
1012 2044 1132 2100 Bartsch
1150 2043 1178 2102 S.
1196 2047 1240 2100 24.

646 2315 718 2376 481.
761 2308 814 2375 De
834 2309 940 2376 vidua.

142 2451 170 2510 l.
196 2441 312 2508 Mulier
326 2441 498 2508 laudabilis
814 2449 842 2509 6.
867 2442 989 2508 Dilexit
1003 2442 1164 2508 silentium

196 2525 305 2592 Fortia
320 2533 548 2624 castanaeus,
867 2526 1245 2608 Dicensquodnesuirit

196 2609 342 2677 Mulieris
358 2611 477 2679 sterilis
867 2609 935 2677 Neu
948 2627 1088 2694 unquam
1104 2609 1278 2676 dominium

198 2693 375 2778 Opprobrio
393 2713 514 2762 carena.
867 2695 906 2760 In
921 2695 1024 2761 uirum
1039 2694 1208 2778 quaesivit.

814 2784 841 2843 7.
867 2780 955 2846 Haec
970 2797 1033 2844 non
1047 2785 1098 2845 est
1112 2779 1152 2844 de
1166 2777 1271 2845 viduis

144 2829 174 2887 2.
199 2821 288 2888 Haec
302 2821 441 2888 unctum
455 2821 650 2888 tricesimum
867 2865 959 2930 Luxu
975 2864 1052 2930 secli
1066 2863 1202 2930 mortuis

198 2905 280 3057 33³¹
278 2909 554 3072 1111111
866 2947 1156 3098 alirunnas

198 3073 432 3142 Viroviduutn.
866 3115 911 3181 Et
924 3115 1124 3182 orationibus

143 3203 172 3265 3.
198 3199 287 3277 Quae
301 3200 335 3264 in
349 3199 538 3266 fortitudine
867 3197 998 3282 Semper
1012 3201 1177 3282 occupata.

198 3283 338 3350 Lumbos
353 3283 533 3365 castigavit,
811 3285 840 3346 8.
867 3283 1001 3363 Recepit
1015 3283 1157 3364 hospicio

198 3367 378 3450 Numquam
393 3385 505 3434 carens
518 3367 638 3435 lumine
866 3367 976 3450 Vagus
990 3384 1085 3449 quam
1100 3366 1223 3432 ablutio

198 3451 482 3519 Manurobaravit.
867 3450 989 3517 Pedum
1004 3449 1253 3518 commendarit:

866 3535 910 3601 Et
924 3553 1003 3618 quus
1017 3533 1185 3602 tribulatio

142 3581 173 3642 4·
201 3574 509 3643 efflu⁸h⁰¹¹⁰mbffl⁸
866 3617 1238 3700 Pressithossubsidio

197 3660 602 3744 Nuptuamundusleatus
867 3705 984 3770 Sancto
998 3703 1166 3770 recreavit·

196 3744 274 3894 3¹·st
288 3745 491 3895 veneralzffls’
811 3785 840 3846 9.
866 3789 905 3854 N.
922 3792 1032 3855 sancta
1049 3785 1238 3867 veneranda,

240 3846 478 3896 mmmm·
867 3871 1064 3939 Guiuslesta
1077 3870 1248 3938 recolenda

140 3959 169 4019 5.
196 3953 241 4019 Ut
255 3973 345 4021 sauro
361 3955 487 4037 eloquio
866 3955 1181 4023 Redieruntannua:

197 4038 292 4106 Patet
306 4041 368 4106 erit
380 4039 511 4105 minime
866 4039 973 4121 Gesta,
989 4041 1130 4123 prudens
1145 4043 1178 4108 et
1191 4036 1297 4106 fidelis

197 4122 304 4206 Digna
318 4125 508 4206 ponderatio
865 4121 1247 4207 Impetrarenobisvelis

196 4206 395 4275 Continentia
410 4208 545 4274 animae.
866 4208 993 4276 Gaudia
1006 4213 1173 4294 perpetua.
1204 4206 1315 4273 Amen.

212 4323 307 4380 Text.
344 4325 635 4382 Mlaa.colon.1520.
661 4353 694 4364 -
722 4324 823 4381 Daniel
841 4323 878 4395 11,
897 4328 949 4381 202
967 4325 1018 4381 irat
1036 4325 1082 4381 dle
1097 4328 1117 4380 2
1134 4328 1227 4382 ersten
1243 4319 1385 4394 stropham
1402 4334 1438 4376 ax

139 4394 274 4465 Liturgiia
294 4396 466 4453 Coloniensia
485 4395 626 4453 ecclesiae.

690 4557 888 4567 --——·—-
