3266 5222
694 335 922 396 -217-

528 517 600 580 284.
642 513 695 580 De
715 513 806 581 beato
827 513 943 580 Morio
962 512 1094 610 omnine,

157 653 185 713 1.
212 648 280 713 Are
295 646 399 728 stella,
415 653 505 712 ortus
520 647 607 726 solis,

212 737 280 797 Are
295 737 398 797 mater
414 749 555 798 summae
569 732 679 816 prolis,

213 819 280 881 Ave
296 816 355 881 Dei
368 814 449 880 filia:

211 903 279 966 Ave
295 901 385 966 sidus
400 897 605 976 illustratum,

212 985 297 1050 Rore
313 989 423 1050 sancto
438 981 664 1049 foecundatam

212 1069 255 1132 Et
269 1067 463 1134 foecundans
479 1069 593 1133 omnia.

156 1153 186 1214 2.
212 1153 261 1217 Tu
276 1151 348 1217 linis
363 1169 397 1216 es
412 1151 569 1230 miseriae,

213 1236 407 1318 Principium
422 1235 575 1314 laetitiae,

214 1321 297 1385 Dum
313 1321 365 1384 lex
379 1321 465 1386 cedit
479 1320 619 1401 mattae:

214 1405 329 1471 Patres
344 1405 504 1485 quondam
520 1422 578 1486 per
591 1403 727 1486 figuram

214 1488 260 1554 Te
274 1493 430 1554 noverunt
444 1487 630 1570 parituram,

214 1571 279 1638 Sed
293 1573 357 1638 iam
371 1577 462 1655 patet
476 1571 565 1637 faeie.

159 1656 188 1716 3.
215 1656 263 1720 Tu
277 1663 381 1722 mater
396 1673 429 1722 es
446 1656 669 1738 orphanorum,

215 1743 294 1824 Spes
308 1747 341 1805 et
355 1741 448 1805 venia
465 1741 636 1836 lapsorum,

215 1824 421 1890 Informatrix
435 1823 576 1889 rudium:

216 1909 264 1973 Tu
279 1909 434 1989 virginale
449 1909 624 1990 speculum,

216 1992 264 2058 Tu
279 1994 334 2058 lux
347 1993 511 2058 illustrans
526 1993 677 2072 seculum,

216 2077 401 2142 Electorum
415 2077 588 2142 studium.l
644 2095 646 2102 ’

159 2158 190 2220 4.
217 2161 262 2228 Te
276 2162 386 2242 lingua
399 2161 513 2226 laudat
527 2161 699 2240 hominum,

214 2247 337 2326 Agmen
352 2245 495 2311 deservit
508 2245 669 2325 coelicum,

216 2329 371 2395 coelestis
387 2327 582 2394 hierarchia:

214 2412 258 2480 Te
274 2431 387 2480 venam
401 2413 582 2496 pudicitiae,

215 2499 352 2564 Matrem
367 2497 444 2563 solis
458 2497 611 2572 iustitiae,

214 2581 341 2648 Laudat
356 2581 458 2648 omnis
474 2581 555 2646 usia.

830 653 859 714 5.
886 647 913 714 Ο
928 647 1040 726 Maris,
1056 653 1158 714 mater
1172 647 1236 729 pia,

886 733 955 797 Duc
970 732 1079 797 devios
1095 733 1127 796 in
1145 732 1204 796 hac
1219 732 1279 810 via,

885 815 933 880 Ne
948 815 1101 881 labantur
1116 815 1267 898 amplius:

887 899 913 964 0
930 900 1042 977 Maria,
1058 903 1160 964 mater
1175 899 1244 974 Dei,

886 983 935 1048 hd
951 989 983 1048 te
998 986 1195 1066 suspiramus
1211 985 1266 1064 rei,

888 1067 1029 1134 Subveni
1045 1068 1194 1133 velocius.

833 1157 860 1218 6.
887 1153 932 1218 Te
946 1171 1106 1233 rogamus,
1122 1151 1282 1230 exaudito,

886 1236 929 1302 Et
943 1253 1023 1318 quos
1038 1237 1127 1302 vides
1142 1236 1237 1300 corde
1252 1237 1329 1300 trito

887 1321 955 1384 lieo
975 1319 1157 1386 reconcilia:

887 1405 1022 1471 Nostrae
1038 1403 1107 1468 dele
1122 1405 1176 1485 pia
1192 1403 1303 1469 sordes

888 1489 930 1554 Et
944 1487 994 1553 fac
1010 1507 1082 1554 vere
1098 1488 1330 1570 mundicordes,

887 1571 1010 1638 Summi
1024 1573 1109 1653 regis
1123 1571 1197 1638 filia.

833 1659 861 1718 7.
887 1657 995 1738 Virgo,
1010 1656 1107 1722 decus
1122 1657 1287 1738 virginale,

887 1741 952 1805 Fac
967 1741 999 1805 iu
1014 1741 1106 1806 uobis
1122 1741 1245 1805 reniale

888 1825 987 1890 Omne
1003 1823 1088 1906 quod
1102 1825 1342 1889 committimus:

888 1908 1012 1974 Vulnus
1027 1925 1106 1974 sana
1120 1915 1333 1990 peccatorum,

887 1993 937 2058 Ad
953 1992 1100 2058 coelestis
1116 1992 1208 2058 aulae
1227 1993 1376 2058 thronum

888 2075 953 2142 Nos
968 2076 1096 2159 perduc,
1113 2083 1145 2142 te
1160 2077 1328 2159 poscimus

832 2159 860 2220 8.
887 2159 991 2226 Tuum
1006 2165 1116 2226 natum
1130 2161 1309 2241 interpella,

888 2243 976 2311 Goeli
992 2245 1110 2326 lingua,
1126 2246 1224 2310 maris
1239 2244 1342 2324 stella,

888 2329 951 2394 Pro
966 2329 1031 2394 tuis
1047 2329 1259 2412 supplicibus:

887 2413 960 2478 lesu
975 2415 1067 2492 hone,
1083 2415 1236 2478 miserere

887 2497 987 2562 Prece
1001 2497 1124 2576 matris,
1140 2501 1174 2563 et
1188 2496 1329 2578 gaudere

887 2581 954 2646 Nos
969 2581 1011 2646 da
1027 2599 1096 2645 curn
1112 2577 1271 2646 felicibus.

229 2690 324 2745 Text.
360 2689 450 2744 Morol
469 2689 520 2744 No.
543 2691 601 2743 185.
620 2687 648 2742 S.
668 2691 728 2742 117.
756 2704 822 2742 occa:
848 2687 902 2742 Ha.
921 2705 959 2743 co
976 2687 1016 2742 St,
1036 2687 1136 2744 Galles
1164 2689 1215 2743 No.
1235 2691 1288 2743 546
1313 2689 1459 2761 (Brander)

157 2761 205 2818 Bl.
223 2765 285 2817 246.
303 2762 356 2816 mit
374 2761 435 2816 clam
452 2759 587 2816 Beiscts:
604 2759 670 2816 Alia
688 2761 834 2830 sequentia
851 2760 888 2816 ad
906 2761 1108 2830 beneplacitum
1128 2760 1275 2816 cantanda.

529 3213 600 3277 285.
643 3205 697 3276 De
718 3206 809 3277 becio
830 3205 947 3278 Morio
967 3209 1099 3293 chycce.

163 3335 191 3396 1.
219 3330 285 3395 Ave
299 3328 390 3411 virgo
405 3328 553 3411 gloriosa,

217 3413 349 3479 Manens
363 3415 458 3496 plena
473 3415 588 3494 gratia,

218 3497 301 3563 Vere
316 3503 352 3562 tn
367 3516 402 3562 es
418 3503 494 3564 nata
507 3515 582 3564 rosa

216 3581 329 3663 Regali
345 3583 502 3664 prosapia.

231 3857 324 3913 Tucci.
361 3857 440 3912 Miss.
459 3853 538 3911 huit.
557 3855 647 3911 Paris.
668 3857 744 3911 1520.

835 3333 863 3398 2.
891 3327 1039 3394 Christus
1054 3327 1086 3392 in
1102 3335 1134 3394 te
1150 3326 1370 3394 descendendo

890 3413 1010 3478 Mundo
1026 3413 1116 3478 dedit
1135 3411 1262 3492 gaudia.

890 3497 920 3562 N
921 3516 956 3562 os
971 3496 1103 3563 adiuves
1119 3495 1283 3562 liberando

889 3581 937 3646 De
952 3582 1064 3648 mortis
1079 3581 1221 3646 ecclesis.

891 3665 917 3730 Ο
933 3666 1071 3730 clemens
1086 3683 1104 3730 o
1120 3667 1174 3748 pia

889 3747 916 3814 Ο
932 3749 1033 3814 dulcis
1049 3750 1160 3815 Maria.
1184 3749 1293 3814 Amen.

714 4093 846 4100 apo—⁸...-
857 4093 912 4100 ....-,

527 4311 597 4372 286.
640 4305 692 4372 De
713 4306 803 4374 becio
825 4305 941 4372 Mario
962 4307 1092 4390 circius.

163 4447 190 4506 1.
219 4441 285 4506 hva
300 4439 391 4520 virgo
406 4440 579 4520 singularis

217 4525 305 4590 Ooeh
320 4523 497 4590 luminaria.

217 4609 278 4674 Dei
292 4607 456 4690 templum,
471 4607 525 4672 lux
540 4609 665 4690 solaris,

217 4691 306 4760 Gella
323 4691 546 4777 pigmentaria.

890 4443 958 4506 Ave
972 4442 1073 4523 virgo,
1089 4441 1185 4507 stella
1199 4441 1307 4522 maris,

891 4525 997 4590 Mater
1011 4543 1046 4590 es
1061 4531 1094 4590 et
1107 4523 1183 4590 lilia.

890 4609 1000 4674 Beatis
1014 4609 1263 4676 circumvallaris

890 4693 1022 4776 Angelis
1037 4694 1069 4758 in
1085 4693 1197 4780 gloria.
