3218 5234
713 263 945 330 -124-

183 441 212 502 6.
237 439 335 506 Nulla
349 439 572 524 multiplicitas
586 443 620 510 in
633 441 820 526 Divinitate,

228 524 451 591 ‘Personarum
465 527 587 609 paritas
602 527 699 594 estin
713 528 881 611 Trinitata,

236 608 380 676 Indivisa
393 607 533 676 Trinitas
549 613 644 677 estin
659 609 801 678 Unitate.

183 693 212 754 6.
238 691 328 758 Patri
342 697 437 759 natus
453 695 566 761 similis
582 695 686 762 Patris
701 700 752 761 est
765 696 881 779 imago,

238 775 300 842 Sed
316 795 379 843 non
393 777 441 842 rei
455 776 558 844 facilis
573 779 667 844 huius
682 781 733 845 est
744 779 873 862 indago,

239 859 288 926 Sit
302 861 334 925 in
348 859 411 926 fide
426 863 552 928 stabilis
567 863 708 928 humana
721 881 873 946 propago.

184 943 212 1004 7.
236 943 308 1009 Non
323 950 375 1010 est
388 946 603 1012 necessarium
618 950 746 1013 nostrae
760 948 929 1030 parvitatis

236 1027 352 1094 Velum
366 1027 433 1094 alto
447 1027 561 1095 tollere
576 1048 719 1096 summae
733 1030 911 1114 Trinitatis,

237 1109 303 1178 Ubi
316 1117 426 1177 nostra
440 1113 568 1196 saepius
582 1119 633 1180 est
647 1131 800 1181 concussa
813 1116 906 1194 ratio,

235 1195 274 1260 In
288 1212 433 1261 errorum
448 1194 599 1263 fluctibus
614 1197 667 1262 vix
681 1197 871 1280 enavigatio.

181 1276 212 1338 8.
236 1277 446 1346 Absolvamus
461 1280 632 1346 anchoram
646 1300 667 1348 a
680 1279 908 1364 profunditate,

236 1362 281 1428 Et
294 1363 437 1429 laxemus
453 1367 587 1432 carbasa
602 1381 674 1430 cum
689 1365 871 1448 securitate,

238 1443 304 1512 Ubi
318 1447 480 1529 navigatio
494 1449 558 1514 levi
572 1453 664 1530 patet
677 1453 757 1529 rate,

237 1528 301 1596 Ubi
314 1536 428 1615 portus
442 1532 582 1598 trahitur
595 1533 630 1598 in
648 1533 892 1614 tranquillitate.

253 1655 278 1695 a.
299 1638 394 1696 Text.
430 1639 518 1698 Neela
536 1657 563 1712 p.
583 1645 644 1698 264.
664 1658 680 1698 e
698 1643 777 1699 11166.
795 1641 971 1701 Nidrosieuai
990 1645 1067 1700 1619.
1086 1674 1120 1686 -
1135 1643 1237 1700 Daniel
1256 1643 1361 1714 V‚208.
1371 1643 1489 1700 botdcn

180 1709 252 1768 Tcet
270 1728 323 1768 aas
340 1711 438 1770 Naale.

250 1801 277 1856 b.
296 1798 482 1858 Lcaorten.
520 1801 545 1872 6,
563 1803 589 1856 2.
609 1799 695 1858 Liber
712 1803 747 1859 iu
765 1802 915 1860 unitata.

591 2010 659 2072 148.
701 2003 755 2072 De
774 2013 888 2100 1611116
911 2007 1077 2074 roncare.

205 2143 233 2205 1.
255 2136 342 2203 Voce
355 2137 527 2204 iubilantes
541 2155 666 2220 magna,

202 2227 232 2286 2.
254 2221 335 2305 Regi
350 2239 473 2288 summo
488 2221 602 2288 devote
616 2241 674 2305 per
688 2223 826 2304 saecula,

202 2311 232 2372 3.
254 2304 466 2373 Persouemus
480 2306 620 2372 maxima
633 2306 765 2372 laudum
778 2313 863 2373 vota.

202 2397 232 2455 4.
254 2389 394 2472 coelum,
410 2389 524 2472 sidera,
539 2391 625 2470 luna,
641 2390 689 2456 sol
704 2395 737 2457 ct
750 2391 856 2456 omnia
875 2388 1035 2470 aetherea,

203 2479 233 2539 5.
256 2472 372 2556 Tellus,
388 2477 454 2554 adr,
470 2479 503 2539 et
516 2491 614 2556 mare,
629 2472 734 2541 fontes
750 2481 783 2541 et
796 2473 937 2541 flumina.

202 2562 231 2623 6.
256 2557 367 2624 Omnis
381 2563 528 2624 creatura
542 2559 765 2626 concelebrare
779 2576 843 2624 non
864 2558 990 2640 desinit,

204 2649 233 2708 7.
255 2641 366 2709 Laude
382 2643 541 2722 continua,
557 2647 671 2708 cuncta
684 2643 822 2710 creantis
838 2643 1009 2724 magnalia.

201 2733 233 2796 8.
256 2726 409 2793 Maiestas
425 2727 514 2793 cuius
529 2733 580 2792 est
592 2728 687 2793 unica
702 2727 851 2794 decenter
864 2727 897 2793 in
912 2726 1019 2794 Patris
1034 2724 1145 2808 gloria.

201 2815 231 2877 9.
254 2809 356 2888 Quem
370 2811 505 2878 laudaut
519 2829 658 2892 superna
671 2813 791 2893 iugiter
804 2813 932 2894 agmina
945 2829 1022 2878 voce
1036 2809 1209 2891 dulcisona,

184 2901 232 2962 10.
256 2895 317 2972 Qui
331 2893 546 2977 proclamant:
562 2894 709 2976 Sanctus,
725 2893 872 2976 Sanctus,
888 2894 1034 2975 Sanctus,
1048 2893 1146 2976 Deus,
1163 2893 1327 2974 Hosanna,

184 2987 232 3046 11.
255 2979 357 3058 Quem
372 2977 464 3045 decet
478 2979 580 3046 omnis
593 2981 674 3060 laus,
689 2980 800 3062 honor,
817 2980 931 3063 virtus,
945 2979 1032 3048 salus
1047 2985 1080 3046 et
1094 2978 1206 3062 gloria.

184 3068 233 3134 12.
254 3063 374 3129 Aurem
388 3066 477 3128 tuam
491 3063 584 3130 nobis
596 3064 725 3147 inclina,

184 3153 232 3217 13.
255 3147 460 3231 Supplicibus
473 3147 599 3215 veniam
613 3155 649 3214 tu
666 3147 759 3224 dona,

183 3237 232 3298 14.
255 3229 302 3296 Ut
314 3235 348 3297 te
363 3230 579 3298 collaudemus
592 3232 626 3298 in
640 3232 777 3299 saecula.
806 3231 917 3299 Amen.

251 3357 277 3397 a.
296 3337 392 3396 reat.
428 3339 518 3397 nean
535 3355 561 3410 p.
580 3341 642 3396 acc.
661 3357 677 3398 0
695 3340 773 3397 mss.
792 3339 968 3400 1111116111
988 3343 1064 3398 noro.
1101 3339 1202 3396 namu
1221 3337 1253 3409 r,
1272 3339 1334 3394 noo.
1361 3337 1412 3395 aa
1430 3320 1481 3394 61

181 3410 252 3468 Teat
270 3428 323 3468 aus
340 3411 438 3468 Naale.

252 3501 278 3556 b.
297 3497 486 3556 Lesarten.
523 3503 549 3555 6.
567 3500 679 3556 Excidit
695 3499 889 3570 protunda,
908 3499 952 3556 vel
970 3499 1077 3570 aliquid
1095 3497 1192 3556 sirnile.
1210 3497 1246 3554 N.
1269 3503 1320 3566 „at
1338 3511 1403 3556 vero
1421 3515 1481 3554 oum
1599 3487 1600 3492 ¹

181 3573 211 3627 in
229 3572 353 3642 strophia
371 3575 451 3628 6-6.
469 3571 548 3628 nulla
564 3589 619 3629 vox
637 3573 762 3642 epitheto
782 3578 883 3627 ornata
900 3573 945 3642 611,
963 3573 1020 3626 alia
1038 3587 1092 3628 uox
1110 3569 1264 3641 supplenda
1278 3570 1481 3640 esttrisyllaba‚

180 3642 303 3772 goffia
330 3649 431 3699 terra
458 3650 492 3700 et
518 3644 640 3715 maria,
667 3650 698 3700 ut
714 3643 808 3700 ‘tellus
835 3643 1005 3714 respondeat
1022 3643 1112 3712 aeri,
1138 3650 1237 3698 terra
1255 3649 1350 3698 autern
1367 3643 1481 3698 mari.“

442 3919 512 3982 149.
555 3909 599 3976 Iu
618 3911 719 3978 masao
739 3912 845 3977 661116
866 3909 1037 3977 (16161116
1061 3907 1226 3977 rancore.

184 4051 212 4112 1.
238 4043 310 4110 Vox
326 4045 491 4124 clarescat,
505 4063 594 4112 mena
609 4051 775 4129 purgetur,
856 4049 886 4111 2.
911 4043 1018 4126 Pater,
1034 4049 1157 4125 creans,
1173 4045 1345 4125 increatus,

237 4127 341 4195 Homo
355 4134 443 4195 totus
457 4131 646 4212 aemuletur,
911 4129 1062 4210 Nascens,
1077 4131 1118 4196 ab
1134 4133 1265 4196 aeterno
1279 4133 1384 4208 natus,

237 4212 319 4278 Duri
335 4229 410 4278 voce
425 4213 641 4280 conformetur
911 4213 1020 4294 Amor,
1036 4213 1077 4280 ab
1091 4213 1141 4280 his
1156 4211 1329 4294 derivatus,

237 4295 325 4363 Pura
339 4297 551 4363 conscientia:
912 4298 995 4364 Sunt
1007 4316 1072 4364 una
1086 4297 1283 4364 substantio:

236 4381 337 4461 Patri,
352 4381 440 4446 Proli
455 4381 635 4462 iubilemus,
912 4380 990 4446 Tres
1004 4399 1161 4465 personae
1175 4379 1348 4461 Trinitatis,

237 4465 546 4532 PneumaSanctum
561 4463 789 4549 praedicemus,
913 4463 1021 4530 Unum
1035 4483 1107 4531 esse
1120 4465 1268 4545 Deitatis

237 4547 739 4632 Unamlaudemtribusdemus,
911 4547 995 4614 Sunt
1008 4548 1149 4615 eiusdem
1164 4548 1351 4628 maiestatis,

238 4631 326 4710 Quos
340 4633 411 4699 unit
424 4633 573 4702 essentia.
911 4632 956 4699 Et
970 4633 1055 4700 idem
1068 4649 1128 4716 per
1142 4629 1256 4699 omnia.
