3240 5224
666 305 897 370 -329-

128 489 157 550 3.
181 485 263 562 Ave,
279 485 330 566 pia
343 484 535 562 consolator,
805 493 834 552 5.
860 489 928 552 Ave
943 485 1072 568 praesul
1086 486 1236 568 gloriose,

184 567 360 650 Promptus
374 568 406 632 in
422 567 582 648 periculis,
859 569 948 636 Oasti
963 569 1081 636 candor
1097 569 1166 650 lilii,

182 651 392 733 Paupertatis
407 652 599 734 sublevator,
858 653 1058 720 Avemintus
1074 654 1272 729 odorrosce

182 733 267 815 Spes
282 734 315 799 in
330 735 531 802 necessariis.
860 736 983 802 Summi
997 755 1071 818 spes
1087 737 1204 804 solatii.

126 825 156 886 4.
182 817 233 884 Ne
249 820 438 884 succumbat
453 837 542 884 mens
558 821 704 900 moerori,
804 827 832 886 6.
859 821 896 886 ln
912 821 1079 902 procinctu
1094 821 1309 906 vincebamus,

182 901 319 968 Praesto
334 902 378 968 sis
393 903 510 982 colodi,
857 905 1279 988 Lapsismanumporrige3

182 985 285 1051 Fame
299 1003 416 1067 corpus
430 991 488 1053 cut
503 987 615 1066 dolori,
858 986 1035 1070 Tucprece
1052 988 1260 1056 uecadunrus

182 1068 394 1136 Reiovecum
410 1069 538 1150 gaudio.
858 1071 1137 1138 Gressusnostros
1152 1072 1264 1155 dirige.

125 1245 165 1302 Bl
190 1175 293 1304 ξεὶωι.
329 1178 420 1232 Morel
438 1177 490 1235 No.
509 1180 570 1233 286.
589 1175 618 1232 Β.
637 1181 697 1232 175.
722 1192 791 1233 uuo:
818 1177 872 1232 Hs.
890 1195 928 1235 rc
944 1178 985 1236 St.
1006 1177 1106 1236 Galles
1129 1179 1181 1237 Nu.
1201 1185 1254 1238 546
1280 1181 1428 1256 (Brander)

464 1491 537 1554 467.
579 1485 632 1552 De
652 1506 716 1552 uno
734 1486 882 1570 pomifice
902 1488 1088 1572 confusura.

129 1625 155 1684 l.
180 1621 296 1686 Lauda
311 1605 388 1686 Sion
403 1625 436 1686 et
450 1620 572 1686 laetare
801 1629 831 1688 4.
857 1621 918 1686 Hic
933 1627 989 1702 est
1006 1622 1096 1686 cuius
1111 1621 1217 1688 lunren
1232 1623 1322 1700 luxit,

181 1703 283 1771 Plebs
297 1705 415 1770 devota
429 1705 611 1782 iocundare,
857 1703 959 1780 Quem
974 1723 1032 1787 per
1046 1705 1113 1770 vias
1127 1709 1231 1771 rectas
1247 1705 1338 1774 duxit

180 1788 296 1854 Lauda
310 1795 401 1854 tuum
416 1788 606 1854 salvatorem
856 1787 1003 1854 cbristus
1019 1792 1052 1853 et
1065 1788 1113 1853 illi
1129 1789 1270 1854 ostendit

181 1871 225 1938 Et
240 1873 327 1937 hunc
342 1874 459 1938 alnrnrn
475 1871 698 1937 confessorem.
837 1939 840 1948 ,
857 1871 1002 1953 Regnum
1017 1871 1086 1952 Dei,
1102 1873 1187 1953 quod
1202 1873 1356 1941 asendit.

127 1957 155 2018 2.
182 1955 305 2022 Fidelis
321 1973 433 2020 servus
448 1961 481 2020 et
496 1955 635 2038 prudens
801 1957 829 2018 5.
856 1953 883 2018 0
899 1954 1062 2021 consessor
1075 1957 1224 2038 pretiose,

181 2039 386 2122 llicplocerc
402 2039 626 2120 Deostudens‚
855 2037 920 2104 Fac
934 2057 1069 2120 regnare
1088 2039 1226 2120 gloriose

182 2123 318 2206 Semper
333 2124 399 2188 suis
414 2123 447 2188 in
462 2123 574 2188 diebus
854 2121 1082 2204 Nosinreguo
1098 2123 1256 2189 claritatis

180 2207 335 2273 Terrenis
350 2207 401 2272 hic
416 2209 533 2289 spretis
548 2205 655 2272 rebus.
854 2205 898 2271 Et
933 2207 1052 2272 cudere
1066 2224 1138 2272 cum
1152 2207 1267 2274 beutis.

127 2289 153 2349 3·
178 2291 240 2357 Hic
257 2291 315 2356 dat
329 2291 428 2356 tritici
442 2309 623 2356 mensuram
799 2290 828 2350 6.
854 2225 959 2356 Troilo
976 2296 1081 2356 tecum
1096 2309 1153 2357 nos
1167 2295 1387 2372 postmortem

178 2374 224 2441 Et
238 2376 397 2441 talentum
412 2374 454 2440 nd
470 2392 611 2452 usuram,
853 2373 943 2440 Elin
958 2391 1066 2440 veram
1081 2375 1152 2440 loca
1166 2381 1295 2455 sortem,

177 2457 231 2524 Sic
250 2457 369 2524 Christi
384 2457 610 2524 servusiidelis
664 2487 671 2498 ·
854 2455 919 2524 Ubi
933 2457 1039 2524 lesum
1055 2457 1221 2525 videmnus

175 2542 425 2609 Thesaurizovit
439 2543 471 2606 in
487 2542 592 2608 coelis.
854 2541 897 2606 nt
911 2541 1047 2608 feliciter
1061 2543 1214 2608 vivamus.
1244 2543 1356 2608 dunen.

122 2719 159 2775 BI
185 2651 291 2778 figet.
329 2649 695 2707 detulissentne.
723 2665 790 2706 accc:
816 2649 870 2705 Ha.
888 2665 926 2704 cc
943 2649 985 2706 St.
1005 2648 1108 2705 Golden
1126 2649 1178 2706 No.
1198 2651 1251 2707 tro
1278 2649 1425 2722 (Bi-under)

678 2863 876 2874 anfi—*—

452 2978 525 3040 468.
568 2973 621 3040 De
642 2972 873 3058 consessoribus
889 2973 1102 3059 pontificibus.

128 3113 153 3174 1.
178 3110 265 3178 Ecce
281 3109 368 3176 venit
383 3109 437 3174 lux
451 3111 572 3190 optata,
855 3106 917 3174 Hic
930 3107 1034 3175 fidelis
1049 3109 1261 3192 dispensator,

179 3193 253 3260 Lux
266 3192 403 3258 iocunda
414 3192 562 3258 dedicata
855 3191 926 3257 Non
941 3210 1057 3260 aruns
1072 3193 1254 3260 foenerator

172 3276 538 3346 'salvatorislaudibus
854 3275 1024 3342 Talentum
1038 3275 1263 3360 multiplicans.

179 3361 244 3440 Qui
258 3366 403 3428 sanctum
419 3361 503 3426 hunc
517 3359 710 3442 sublimavit,
799 3362 828 3422 4.
854 3359 916 3424 Hic
930 3367 981 3426 est
996 3377 1071 3425 vere
1085 3359 1153 3426 Deo
1168 3361 1291 3442 chorus

179 3445 396 3513 sublimatum
411 3444 577 3510 coronavit
854 3443 961 3510 Verbo
976 3444 1044 3510 vita
1056 3441 1119 3508 fide
1134 3444 1247 3526 clame,

180 3531 219 3596 In
234 3529 344 3611 regnis
359 3527 561 3594 coelestibus.
855 3527 943 3592 Dans
959 3527 1095 3593 salutern
1111 3527 1250 3610 populis:

127 3611 154 3672 2.
178 3614 241 3679 Hic
256 3621 305 3678 est
320 3617 412 3696 pater
426 3619 459 3678 et
472 3616 637 3695 patronus,
855 3609 1000 3687 Quantus
1014 3612 1098 3676 cuim
1113 3612 1157 3678 sit
1170 3613 1219 3676 vir
1233 3613 1304 3696 iste,

181 3697 282 3776 Qnern
298 3699 458 3779 pastorem
474 3711 596 3760 summe
611 3697 712 3761 bonus
854 3695 1033 3760 Declarasti
1048 3695 1141 3763 uobis
1156 3694 1283 3763 Christe

179 3781 295 3847 Pastor
309 3780 401 3846 nobis
415 3779 544 3845 tribuit:
856 3779 1197 3859 Signisetmiraculis.

181 3864 242 3942 Qui
257 3863 428 3946 benignum
445 3867 658 3941 serenorum,
799 3860 827 3920 5·
856 3863 954 3929 Serve
969 3863 1110 3944 prudens
1125 3869 1159 3928 ot
1172 3863 1287 3940 tidelia,

180 3945 273 4014 Pium
287 3954 412 4031 patrem
427 3951 461 4013 ct
474 3947 637 4012 doctorem
854 3944 1323 4027 Cuiusmeroesestincoelis

180 4030 327 4100 Subditis
343 4031 495 4098 exhibuit.
852 4029 1241 4097 Nostrasonctvulnera:

126 4109 155 4167 3.
180 4115 243 4182 Hic
256 4117 412 4182 virtutum
426 4113 604 4181 aemulator
852 4113 992 4179 Visitare
1008 4131 1117 4180 servos
1132 4114 1211 4180 velis

179 4198 566 4282 Fideiquepromulgetor
852 4197 950 4263 Eteb
966 4198 1247 4264 hostismalitelis

181 4283 321 4350 Verbum
337 4285 422 4350 vitae
436 4279 639 4365 praedicans:
840 4280 965 4363 ¹Ignitis
980 4299 1038 4348 nos
1051 4282 1163 4350 libera.
1194 4283 1304 4348 Arnen.

196 4391 292 4448 reor.
329 4391 406 4449 Miss.
425 4389 505 4447 fratr.
524 4390 613 4446 Paris.
634 4391 711 4444 1520.

671 4583 699 4590 -.-
704 4583 870 4592 -ae--m-
