3186 5254
692 341 742 360 --
776 311 839 378 aar
879 321 943 360 -·-

181 493 212 560 8.
229 488 313 556 Dum
329 491 479 564 torretur,
495 507 558 556 non
573 493 723 572 terretur,

230 571 390 639 Christum
407 573 509 654 magis
525 575 703 652 confitetur,

229 657 297 724 Nee
311 665 483 739 tyrannum
498 667 663 726 reveretur

229 741 267 808 ln
283 740 352 806 eius
368 743 565 823 praeseutia:

230 824 333 891 Ardet
345 825 454 890 vultus
468 825 670 906 inhumanus,

230 907 351 975 Haeret
366 909 483 990 lingna,
499 909 609 976 tremit
623 927 746 994 manus,

231 993 297 1059 Nec
311 1009 346 1058 se
360 995 446 1076 rapit
462 993 616 1060 Datianus

230 1075 312 1144 Prae
327 1076 431 1144 cordis
445 1075 578 1145 insania.

183 1248 213 1310 ll.
231 1241 311 1309 lude
326 1259 424 1325 specu
439 1248 561 1327 martyr
575 1243 755 1316 retruditur

230 1325 274 1394 Et
289 1327 445 1394 testiculis
460 1327 542 1392 lixas
557 1327 701 1406 illiditur,

231 1410 334 1478 Multa
350 1415 456 1476 umen
472 1411 522 1476 hie
537 1412 606 1479 luce
620 1411 739 1480 fruitur

231 1497 280 1562 dn
296 1495 419 1576 angelis
433 1496 599 1562 visitatus:

230 1577 267 1644 In
282 1578 400 1644 lectulo
415 1579 543 1645 tandem
559 1579 729 1664 repositus,

232 1662 282 1728 Ad
299 1679 430 1745 superos
445 1664 561 1730 transit
575 1664 736 1736 erneritus,

232 1745 347 1830 Sisque
365 1763 423 1812 suo
439 1747 639 1830 triumphans
656 1749 786 1830 spiritus

230 1828 292 1898 Est
304 1830 439 1914 principi
454 1839 685 1915 praesentatus.

164 2001 214 2066 10.
233 1996 303 2064 Non
320 1998 475 2065 communi
492 1999 569 2065 sinit
585 1998 655 2065 inre

228 2079 339 2148 Virum
354 2081 437 2148 tradi
454 2083 639 2164 sepulturae

225 2164 303 2246 Legi
319 2167 413 2232 simul
428 2175 462 2233 et
476 2174 612 2234 naturae

226 2249 299 2316 Vim
315 2250 392 2316 lacit
408 2251 548 2316 malitia:

903 490 940 558 In
956 487 1140 557 deiunctum
1154 489 1249 558 iudex
1264 489 1375 567 saeuit,

902 575 985 640 Hinc
999 573 1147 640 defuncto
1163 576 1233 642 laus
1249 577 1397 658 accrevit,

903 659 983 724 Nam
1000 675 1063 740 quo
1078 659 1161 724 vesci
1177 659 1351 741 consuevit,

903 741 1104 810 Reformidat
1119 743 1233 808 bestia.

836 831 884 892 ll.
904 827 953 892 En
969 827 1105 892 cadaver
1120 826 1319 892 inhumatum

904 909 1024 977 Corvus
1040 917 1149 976 seruat
1163 909 1329 992 illibatum,

904 993 1019 1076 Sicque
1035 1013 1093 1060 sua
1109 994 1298 1060 sceleratum

904 1077 1093 1144 Frustratur
1107 1078 1259 1144 intentio:

903 1165 946 1228 nt
960 1163 1144 1244 prophanus
1160 1161 1325 1238 Datianus,

902 1245 994 1324 Quod
1010 1247 1152 1312 consumi
1168 1245 1278 1326 nequit
1293 1243 1389 1321 humi,

902 1329 981 1394 Vult
995 1329 1147 1394 abscondi
1163 1331 1220 1396 sub
1237 1327 1386 1414 profundi

903 1413 1048 1494 Gurgitis
1064 1412 1201 1477 silentio.

836 1491 884 1560 12.
903 1496 969 1562 Nee
984 1503 1113 1563 tenetur
1126 1514 1146 1560 a
1162 1493 1285 1568 molari,

904 1579 971 1646 Nec
985 1581 1082 1645 celaui
1099 1586 1206 1662 potest
1221 1579 1309 1654 marl,

902 1660 1382 1746 mmmmmmmmm

901 1747 1055 1814 Venerari
1071 1755 1144 1814 voto
1161 1749 1229 1828 pari
1466 1765 1478 1784 ·’

902 1829 1029 1912 Satagit
1044 1831 1192 1896 ecclesia:

903 1913 1088 1982 Ustulaturn
1104 1933 1220 1997 corpus
1234 1913 1318 1996 igne,

901 1997 1010 2077 Terra,
1026 2001 1105 2064 inari
1121 1999 1159 2064 fit
1174 1999 1308 2078 insigne,

901 2082 1012 2158 Nullis,
1029 2083 1112 2158 lesu,
1128 2082 1169 2147 da
1185 2083 1330 2162 benigue,

901 2165 947 2233 Ut
962 2185 1033 2232 cum
1048 2167 1166 2232 sanctis
1181 2173 1213 2231 te
1229 2166 1387 2245 condigne

901 2249 1083 2316 Laudemus
1098 2251 1129 2316 in
1145 2251 1261 2332 patria.
1290 2250 1402 2312 Amen.

226 2357 322 2414 Text.
359 2359 492 2416 Clichtor.
511 2359 560 2428 Ill,
580 2361 640 2416 192.
677 2385 711 2400 -·
746 2357 847 2415 Daniel
866 2357 902 2426 ll,
921 2358 1023 2414 tl‘lsat
1048 2357 1094 2413 dle
1117 2361 1244 2412 tter-ten
1263 2355 1359 2412 Zeilea
1389 2355 1460 2410 ohne

156 2430 274 2500 dapalis
292 2430 342 2486 der
361 2429 463 2502 Qaclle.
497 2460 531 2474 -··
567 2432 646 2489 Stclst
665 2430 738 2490 ecclc
754 2433 786 2486 a'n
805 2431 884 2487 eluar
902 2429 956 2488 Ha.
975 2445 1012 2488 aa
1030 2427 1276 2500 Pomancraseldcn,
1295 2433 1339 2486 14.
1358 2425 1459 2484 Jonrn.

157 2500 243 2561 Mane
262 2505 288 2574 ll,
306 2505 369 2560 edd.

579 2705 581 2709 ’
611 2709 681 2774 736.
723 2703 777 2780 Da
797 2725 824 2774 a.
847 2704 1017 2773 Vincentio.

185 2844 213 2907 1.
232 2837 447 2922 Triumphalis
461 2839 516 2907 lux
531 2838 646 2917 illuxit

230 2923 300 2992 Lux
317 2925 488 3006 praeclara,
504 2943 588 3006 quae
603 2923 732 2994 reduxit

231 3009 362 3076 Levitae
378 3009 579 3075 solemnium:

232 3092 350 3158 Omnes
366 3111 442 3176 ergo
457 3093 664 3160 iocundemur

230 3176 275 3242 Et
288 3177 463 3244 vincentem
479 3195 667 3244 ueneremur

231 3261 269 3328 ln
284 3259 412 3328 Christo
426 3262 638 3328 vincentium.

182 3341 212 3410 2.
232 3343 294 3424 Qui
309 3346 465 3411 vincentis
479 3345 601 3412 habens
616 3363 731 3414 nomen

232 3427 279 3494 Ex
293 3445 330 3493 re
345 3431 469 3512 probas,
486 3429 617 3512 dignum
632 3449 724 3498 omen

233 3512 288 3580 Sui
304 3510 373 3580 iore
388 3514 538 3578 nominis:

232 3595 369 3663 Vincens
384 3601 481 3674 terra,
497 3597 624 3662 vincens
638 3601 720 3668 mari

232 3677 392 3762 Quidquid
408 3687 515 3762 potest
529 3681 666 3763 irrogari

230 3763 357 3830 Poenae
371 3765 421 3830 vel
436 3762 622 3831 formidinis.

183 3841 213 3910 3.
232 3845 294 3914 Hie
307 3846 439 3930 effulget
452 3847 493 3914 ad
508 3847 557 3914 bis
572 3847 665 3916 tincti

232 3931 325 3998 Caeci
339 3931 442 3999 instar
456 3938 490 3999 et
503 3932 640 4012 iacincti,

232 4013 330 4082 cuius
344 4015 444 4082 lumbi
460 4019 537 4081 sunt
550 4016 725 4099 praecincti

232 4097 359 4184 Duplici
373 4100 547 4166 munditia:

230 4181 292 4249 Hic
306 4188 460 4252 retortam
475 4184 607 4266 byssum
622 4201 737 4267 gerens

904 2838 962 2905 Pio
977 2837 1055 2904 serit
1069 2837 1101 2903 in
1117 2851 1261 2904 moerore

904 2923 947 2990 Et
962 2924 1090 2988 vitalem
1106 2923 1138 2986 iu
1156 2922 1272 2987 sudore

905 3007 1060 3090 lleportat
1074 3005 1281 3088 manipulum.

857 3121 886 3182 5.
905 3113 954 3181 nd
969 3121 1100 3180 cruenta
1116 3113 1248 3178 Deciani

903 3199 963 3265 Dei
979 3214 1090 3263 servus
1104 3195 1269 3263 inhumani

904 3283 1041 3364 Rapitur
1057 3281 1234 3364 praetoria:

903 3368 1039 3434 Praeses
1057 3371 1179 3430 tentum
1195 3379 1289 3446 prece
1304 3361 1418 3436 tentat,

904 3451 996 3518 Nune
1010 3454 1160 3522 exterret,
1179 3464 1262 3513 nunc
1276 3445 1461 3529 praesentat

902 3533 1051 3602 Humana
1068 3531 1208 3616 fastigia.

855 3647 884 3710 6.
902 3643 997 3711 Miles
1012 3657 1165 3726 spernens
1179 3637 1289 3705 mundi
1304 3636 1426 3720 liorem,

903 3728 1005 3804 Dona
1020 3743 1132 3810 preces
1147 3733 1180 3790 et
1193 3731 1350 3790 terrorem

902 3811 1017 3878 Elatae
1031 3809 1226 3894 tyrannidis:

903 3895 1022 3962 Eculeo
1036 3895 1233 3968 admovetur,

904 3979 1005 4059 Quem
1031 3977 1106 4044 dum
1130 3981 1270 4058 torquet
1295 3971 1369 4058 plus
1393 3975 1460 4040 tor·

904 4071 1157 4231 Spssgterislrtumor
1171 4141 1340 4227 praesidis.

231 4265 461 4350 Purpuraeque
475 4267 613 4352 palmam
630 4286 788 4351 quaerens
856 4272 885 4333 7.
904 4263 1049 4332 Flamma
1062 4263 1183 4346 vigens,
1209 4263 1326 4330 ardeus
1348 4261 1460 4340 lectus,

231 4349 305 4416 Stat
319 4351 464 4432 invictus,
480 4351 561 4417 dura
576 4350 682 4420 ferens

231 4433 294 4500 Pro
310 4435 438 4502 Christo
453 4435 620 4519 supplicia.

181 4511 212 4581 4.
231 4517 293 4585 Hic
307 4519 413 4585 hostia
427 4519 611 4598 medullata,

231 4601 356 4670 Veruex
371 4603 452 4686 pelle
466 4604 632 4672 rubricata

230 4681 355 4768 Tenens
369 4688 627 4757 tabernaculum:

201 4785 309 4841 tantu,
328 4787 464 4844 &anem

902 4350 1011 4418 Lictor
1025 4349 1169 4426 caedens,
1186 4347 1236 4414 sal
1249 4348 1385 4416 iniectus

902 4435 939 4502 ln
955 4432 1076 4499 nudata
1090 4434 1229 4499 viscera:

903 4517 1004 4586 Simul
1019 4523 1151 4596 torrent,
1168 4515 1262 4583 simul
1278 4517 1409 4598 angunt,

902 4601 969 4668 Nec
989 4602 1145 4668 athletam
1165 4602 1285 4667 laetum
1306 4601 1460 4681 frangunt

901 4685 964 4753 'l‘ot
977 4703 1151 4771 poenarum
1165 4703 1294 4768 genera.

1218 4789 1301 4853 32‘
