3186 5254
720 193 756 206 -
803 161 949 224 448-

209 347 237 404 5.
260 343 395 410 Sanctus
417 343 553 428 denique
568 345 700 412 Maurus
720 345 796 410 dum
816 345 943 426 longius
969 365 1038 410 cum
1062 345 1216 410 iratribus
1231 345 1272 411 ad
1287 362 1386 426 opera
1400 349 1495 410 esset

335 448 492 506 reversus,
508 431 629 496 irrvcuit
643 429 799 510 quendam
816 449 949 511 parentur
964 429 1112 495 claudum
1127 433 1161 494 et
1174 433 1307 510 mutum,
1323 431 1356 494 in
1370 429 1494 494 itinere

335 513 500 579 iacentem.
531 515 609 578 Euo.

208 598 236 658 6.
262 597 303 660 lit
317 596 381 676 ille,
398 599 559 678 piissimus
574 603 610 662 ut
626 603 704 676 crat,
721 597 859 662 lacrimis
874 597 1032 680 profusus,
1054 599 1086 662 iu
1102 598 1276 662 orationem
1292 601 1491 679 prostratus

336 681 419 746 hurrc
435 701 545 746 sanum
562 687 594 747 et
607 684 797 748 incolumem
813 683 961 747 contiuuo
977 682 1123 749 reddidit.
1154 682 1233 746 Euo.

209 769 237 828 7.
262 763 363 830 Unius
379 773 485 830 lautas
501 767 631 830 blenarus
648 768 818 831 miseratus
841 783 1017 842 aerumnas,
1042 766 1183 830 restituit
1205 765 1319 832 claudo
1341 781 1488 845 gressum

337 855 486 930 mutoque
503 849 668 931 loquelam.
698 852 778 916 Euo.

207 937 236 994 8.
261 933 347 998 llaec
363 942 468 998 autem
482 935 555 998 duur
568 941 697 1000 sauctus
711 933 1000 1018 paterBenedictus
1016 933 1150 1008 audiret,
1166 933 1198 998 iu
1210 953 1325 1014 magua
1337 933 1488 1012 deinceps

337 1019 399 1082 iam
416 1019 618 1084 veneratione
640 1020 745 1100 coepit
766 1023 909 1083 sanctum
924 1018 1072 1082 Maiarum
1096 1015 1225 1096 habere,
1249 1035 1341 1098 quern
1357 1016 1424 1080 Dea
1441 1017 1487 1081 ita

339 1103 511 1184 prcudmum
528 1121 599 1168 esse
614 1104 750 1170 videbat.
783 1102 862 1166 Euo.

209 1187 237 1248 9.
261 1185 352 1249 Beati
369 1185 472 1250 Mauri
489 1187 617 1268 cognita
630 1189 822 1269 praesentia,
839 1203 952 1251 caecus
967 1190 1130 1266 precatur,
1152 1189 1190 1250 ut
1212 1187 1318 1250 lumen
1334 1186 1485 1266 recipiat;

338 1269 427 1335 errius
449 1271 496 1334 uir
519 1277 648 1337 sanctus
667 1289 760 1353 prece
785 1277 889 1336 nrotus
910 1269 1006 1335 nimia
1028 1268 1149 1334 orando
1165 1268 1226 1335 sibi
1241 1267 1327 1349 quod
1341 1268 1486 1350 deposcit

118 1415 122 1436 ,
337 1354 494 1435 impetrat.
526 1357 604 1421 Erro.

191 1441 238 1500 10.
262 1435 319 1502 Vir
333 1437 458 1502 Domini
474 1440 587 1504 beatus
602 1437 744 1516 Maurus,
767 1437 1000 1502 detrahentium
1016 1437 1078 1503 sibi
1093 1437 1177 1502 iuste
1192 1435 1304 1502 dolens
1318 1435 1485 1518 supplicia,

338 1521 475 1588 lacrimis
491 1529 523 1587 ct
538 1523 694 1604 precibus,
710 1525 746 1588 ut
761 1523 807 1587 cis
822 1521 975 1586 Dominus
991 1521 1206 1598 misereretur,
1225 1522 1371 1586 obtinuit.
1405 1519 1485 1584 Euo.

190 1609 238 1668 ll.
263 1605 311 1669 lta
327 1624 382 1685 por
397 1606 502 1670 lllauri
518 1609 665 1672 meritum
681 1608 745 1672 viui
760 1605 919 1670 redundat
934 1604 1107 1685 vasculum,
1123 1611 1160 1671 ut
1170 1606 1223 1669 arni
1239 1605 1325 1686 quod
1340 1607 1393 1669 vix
1407 1605 1486 1670 satis

337 1694 395 1760 cst,
413 1693 460 1752 tot
474 1691 620 1756 sitientes
635 1691 740 1756 satiet.
771 1689 850 1754 Euo.
900 1721 907 1734 ·

190 1777 238 1835 12.
262 1771 369 1836 Sancti
385 1773 489 1838 blauri
510 1776 687 1856 compassio
708 1775 775 1840 solo
795 1773 898 1838 crucis
913 1772 1075 1854 signaculo
1098 1772 1228 1840 aloedo
1249 1773 1355 1838 cancri
1378 1771 1486 1837 ulcere

335 1857 414 1920 mim
429 1857 564 1924 salvavit
579 1859 746 1925 hominem.
775 1858 855 1922 Euo.

258 1964 353 2018 Text.
391 1967 491 2021 Daniel
523 1969 557 2032 V,
585 1971 638 2023 228
665 1981 680 2020 e
708 1969 752 2022 Du
780 1965 873 2020 Meril:
910 1966 1023 2021 Paesics
1050 1967 1215 2035 Populairea
1247 1965 1422 2020 anterieures
1451 1981 1486 2019 au

187 2035 241 2089 Xll
260 2037 350 2092 siecle.
370 2037 390 2090 l.
410 2055 436 2106 p.
459 2043 516 2093 173.
536 2040 606 2094 Bibl.
625 2041 694 2108 Ray.
714 2053 762 2094 me.
783 2041 860 2092 3778.
880 2037 1107 2106 „probablement
1125 2037 1161 2092 du
1180 2037 1205 2090 X
1225 2037 1378 2092 siecle.“—
1398 2037 1485 2104 „Ver-

186 2108 266 2161 siculi
286 2125 374 2177 paene
392 2109 427 2162 acl
446 2112 558 2164 verbum
576 2111 713 2180 desumpti
732 2125 765 2164 ex
784 2111 841 2163 rita
859 2109 885 2163 S.
905 2109 1008 2174 Mauri,
1031 2110 1189 2176 conscripta
1212 2109 1247 2164 ab
1266 2109 1382 2178 Fausto,
1409 2110 1487 2166 socio

187 2179 254 2233 eiras.
273 2181 334 2234 Aet.
354 2181 446 2234 Sanet.
465 2181 529 2236 Ord.
549 2183 576 2237 S.
595 2181 746 2236 Benedicti.
765 2181 787 2234 1.
806 2197 832 2250 p.
852 2181 1021 2234 aet—asle*
1057 2180 1167 2234 Daniel.

430 2412 500 2474 662.
545 2409 595 2475 De
611 2408 762 2476 Narcisso
777 2411 868 2490 eptae.
896 2409 949 2492 (de
962 2428 1004 2474 ss.
1019 2407 1243 2491 deposcente).

262 2523 351 2590 (Kara
370 2526 400 2578 ire
420 2525 468 2580 der
487 2525 598 2582 atella.
619 2526 911 2598 Christeaoerfolpoap
929 2541 981 2582 aaa
999 2526 1123 2594 Spartica
1141 2525 1214 2580 eraclo
1233 2524 1405 2598 Auyeburp.)

188 2644 215 2709 0
230 2643 258 2708 N
262 2645 380 2710 arcisse
394 2647 578 2728 promisisse
861 2645 906 2711 Ut
920 2665 1031 2712 servus
1046 2665 1104 2728 pro
1119 2645 1295 2710 architecto
1310 2645 1455 2711 laborem

187 2727 257 2794 Tibi
273 2729 376 2794 Deum
393 2729 468 2794 dum
483 2729 609 2796 tinxisse
860 2731 887 2796 Ε
906 2731 1041 2811 vestigio
1060 2735 1193 2812 paratus
1211 2729 1377 2796 dolabrum
1396 2735 1487 2796 teue-

188 2810 303 2877 Fertur
319 2819 395 2878 tunc
411 2813 523 2879 rudem
538 2815 746 2895 vindelicam,
902 2815 966 2894 bat,

190 2891 254 2960 Sed
270 2915 353 2961 nunc
369 2897 477 2962 urbem
494 2899 703 2979 Augustinam
861 2899 961 2964 Latus
976 2900 1039 2964 iam
1055 2898 1233 2962 succinctus
1245 2915 1444 2979 gnomonem,

188 2979 269 3044 Fore
284 2981 394 3045 sobole
410 2980 558 3046 divinam.
861 2983 999 3048 Felicem
1014 2984 1095 3048 artis
1109 2982 1269 3047 accessisti

188 3063 326 3128 Heroem
341 3083 465 3146 semper
483 3083 671 3147 puerperam
862 3067 1091 3148 Consciumque
1110 3065 1244 3131 docuisti

188 3147 286 3212 Paeto
301 3148 359 3212 tali
375 3151 532 3230 superbus
547 3151 719 3232 redemisti,
862 3153 980 3217 Locrum
995 3169 1089 3232 quaem
1105 3149 1287 3216 destinabas
1301 3155 1360 3214 etc.

259 3257 353 3311 Text.
391 3257 456 3314 bod.
476 3259 501 3313 S.
521 3259 592 3314 Gall.
611 3261 663 3315 No.
682 3263 735 3316 546
755 3259 910 3330 (Branderl.
937 3291 970 3300 -
998 3259 1098 3314 Daniel
1116 3259 1150 3326 V,
1170 3261 1221 3312 169
1247 3259 1297 3312 bat
1323 3275 1378 3311 erar
1397 3257 1444 3310 die
1464 3261 1488 3308 1.

188 3328 274 3394 Zeila,
294 3329 354 3382 eine
371 3329 519 3398 Abeelrrist
538 3331 586 3384 der
604 3333 712 3387 andern
735 3331 818 3386 Versa
836 3331 974 3386 cerdaniae
992 3331 1037 3385 icit
1055 3329 1093 3383 Η.
1112 3329 1211 3385 Morel.
1249 3329 1313 3384 Des
1332 3327 1431 3382 Gerae
1451 3329 1490 3381 ist

188 3402 219 3454 in
239 3400 443 3454 barbariselrem
462 3401 567 3456 Latein
589 3403 738 3474 abpesaset.

739 3529 937 3537 --—.--.-·.-.-

523 3609 593 3671 663.
636 3605 688 3670 De
709 3625 734 3672 s.
760 3606 891 3670 Nicolao
913 3605 1058 3686 episcopo
1080 3601 1160 3666 Mir.

189 3721 268 3788 (deb.
296 3725 350 3775 280
376 3738 412 3776 eu
439 3721 552 3777 Petaoa
578 3724 609 3776 ia
634 3721 660 3774 L
680 3725 750 3788 cieo,
776 3721 901 3790 Biecbof
917 3737 971 3776 aaa
990 3717 1085 3789 Myra,
1111 3717 1220 3773 wocara
1239 3717 1287 3770 der
1305 3713 1488 3769 Kirebeeoer-

259 3793 414 3862 eammloep
433 3809 470 3848 ea
487 3793 583 3848 Naana
599 3795 639 3848 iro
656 3741 684 3849 3
702 3797 755 3848 325
774 3793 826 3860 bei,
845 3793 924 3848 etarb
944 3795 969 3846 6.
988 3790 1059 3845 Dee.
1078 3793 1140 3859 352,
1161 3789 1271 3844 veebrt
1289 3791 1314 3842 6.
1332 3785 1416 3854 Dee.)

615 3905 1063 3976 (AuctorestNotlrerBalbulus.)

191 4035 218 4093 1.
240 4027 358 4111 Perpes
372 4028 443 4126 laus
458 4027 607 4127 ethouor
622 4029 690 4110 tibi,
707 4047 828 4094 summe
844 4031 960 4110 pastor,
982 4026 1036 4108 qui
1051 4025 1099 4092 tui
1115 4041 1212 4090 curae
1226 4025 1335 4104 gregis
1350 4021 1491 4086 clemens

338 4131 376 4178 ac
391 4113 702 4196 pussmprospieis,
1423 4188 1429 4200 .

189 4199 219 4260 2.
241 4193 288 4260 Ut
309 4198 416 4342 caulals
436 4205 509 4264 tuas
538 4197 657 4264 talibus
679 4195 792 4264 credas
814 4195 1012 4280 pastoribus,
1044 4195 1099 4276 qui
1122 4198 1225 4259 totum
1251 4191 1319 4257 suis
1343 4195 1493 4254 mumaut

340 4283 390 4344 ovi
405 4299 421 4344 e
437 4282 570 4346 meritis.

189 4367 218 4427 3.
242 4363 330 4428 Inter
351 4381 485 4444 quorum
505 4365 691 4448 praecipuos
712 4365 827 4432 emicat
841 4363 990 4432 Nicolaus
1010 4363 1137 4446 praesul
1158 4360 1312 4442 inclytus,
1334 4373 1429 4440 quem
1448 4357 1492 4422 ab

338 4447 415 4529 ipsis
431 4447 595 4514 dicaveras
610 4451 734 4516 cunulis
749 4450 809 4516 tibi
824 4465 916 4514 sacra
931 4465 1004 4514 mox
1018 4446 1171 4512 asmonia.

190 4537 220 4600 4.
243 4530 305 4597 Hic
320 4530 410 4599 nefas
425 4532 537 4614 vetuit,
552 4551 631 4598 auro
644 4533 769 4616 puellas
784 4533 925 4600 eximens
940 4537 1063 4614 stupro.
