3240 5224
704 258 934 320 -314-

176 439 205 499 1.
230 433 405 514 Largitutis
421 435 577 512 cumulus,
848 441 876 502 6.
903 435 941 500 N.
958 436 1007 500 vir
1021 436 1086 502 iam
1101 435 1218 502 coelice

232 519 386 584 Veritatis
402 519 522 597 titulus
902 520 940 584 ln
955 520 1052 584 terris
1068 519 1201 586 mirifice

230 601 406 668 Probitatis
420 603 571 684 precium,
904 604 1023 669 Vivens
1039 605 1160 686 absque
1176 605 1310 684 macula,

229 686 392 752 idolorum
408 688 560 766 aemulus¹
901 687 968 752 Nos
984 688 1156 753 clementer
1171 689 1294 772 respice

230 769 330 846 Quem
346 771 474 835 colebat
488 771 623 852 populus
902 770 1102 853 Peccataque
1117 773 1214 838 reiice

230 855 292 919 Vix
307 872 493 937 expugnans
509 855 631 919 vitium.
900 853 968 918 Tua
983 873 1077 936 prece
1092 855 1216 922 sedula.

175 943 204 1002 5.
231 938 278 1003 Tu
294 941 424 1004 virtutis
439 939 542 1018 galea,
847 943 875 1001 1.
901 939 1007 1019 Purga
1023 946 1132 1005 nostra
1147 940 1269 1005 scelera

230 1021 291 1098 Qui
306 1023 455 1104 sprevisti
472 1031 587 1101 terrea,
900 1021 1115 1104 Precibusque
1130 1041 1289 1105 praepara

230 1104 291 1170 Per
307 1111 338 1170 te
352 1105 409 1170 liat
422 1105 516 1170 hodie
901 1105 1019 1170 Locum
1034 1105 1265 1188 indulgentiae,

229 1189 346 1254 Lutum
363 1190 445 1254 later
460 1191 562 1270 palea.
901 1191 967 1254 Nos
983 1189 1110 1256 Christo
1126 1189 1317 1256 confoedera

231 1273 427 1339 Mundentur
442 1273 482 1338 ab
498 1291 573 1338 area
902 1273 963 1354 Sic,
979 1279 1017 1338 ut
1032 1273 1128 1340 donet
1143 1291 1274 1340 munera

229 1357 367 1422 Nostrae
386 1359 606 1422 conscientiae.
901 1357 1120 1422 Permanontis
1135 1359 1266 1438 gloriae.
1297 1358 1409 1422 Amen.

245 1463 343 1519 Trut.
380 1466 458 1522 Miss.
478 1465 555 1520 fratr.
577 1465 663 1518 Paris.
685 1465 762 1516 loeo.

535 1791 606 1849 442.
652 1783 702 1850 De
725 1807 788 1850 11111
810 1785 932 1867 1119111
953 1789 1102 1866 1111111111.

176 1929 204 1987 1.
230 1922 367 1986 Laetare
384 1919 469 2002 Syon
484 1919 549 1984 lilia
847 1925 876 1984 3.
902 1918 992 1996 Quae
1006 1921 1191 1983 constanter
1206 1918 1357 1984 immunia

228 2005 654 2088 Repraesentausperennia
902 2001 1060 2068 Sustinuit
1075 2001 1232 2085 supplicia

229 2089 355 2154 Gaudia
370 2088 450 2152 coeli
466 2089 590 2154 euriae:
900 2087 963 2152 Pro
979 2085 1106 2152 Christo
1122 2103 1238 2169 sponso
1254 2085 1392 2166 gloriae:

229 2173 280 2236 En
295 2190 370 2238 rosa
386 2189 481 2251 super
496 2172 563 2236 lilia
902 2171 954 2238 Sic
969 2188 1044 2236 rosa
1080 2171 1231 2236 atientiae

228 2256 396 2335 virgiuum
412 2273 471 2335 per
486 2255 638 2335 martyria
900 2254 1043 2320 Palmam
1058 2191 1163 2320 ferens
1178 2254 1330 2319 victoriae

228 2339 508 2405 Vernautinaula
526 2338 656 2418 gloriae.
900 2339 1042 2404 Transiit
1056 2339 1098 2402 ad
1112 2339 1272 2403 coelestia.

844 2427 873 2484 4.
900 2421 965 2488 Ubi
980 2424 1088 2505 sponsi
1105 2421 1273 2502 consortia,

173 2510 203 2572 2.
228 2507 297 2572 Vox
312 2505 410 2586 igitur
425 2505 567 2570 laetitiae
904 2507 1077 2586 Amplexus
1092 2512 1124 2571 at
1138 2506 1255 2572 solatia

228 2590 298 2656 Vox
313 2589 447 2655 devotae
463 2587 619 2654 melodiae
902 2589 1035 2656 Obtinet
1050 2608 1133 2655 nuuc
1147 2591 1179 2655 11
1195 2589 1321 2670 requie:

228 2676 369 2740 Resonet
382 2675 415 2739 11
430 2674 581 2739 ecclesia:
899 2673 950 2738 Ad
965 2691 1061 2756 quam
1077 2673 1148 2740 lons
1165 2671 1386 2754 indulgentiae

227 2758 277 2822 Ad
292 2761 444 2824 honorem
460 2757 593 2823 eximiae
900 2757 966 2822 Nos
983 2758 1137 2839 perducat
1151 2761 1225 2840 post
1240 2757 1354 2822 auriae

227 2843 380 2922 Virginis,
397 2843 487 2908 cuius
502 2840 598 2906 hodie
901 2841 995 2906 Vitae
1010 2843 1191 2924 praesentis
1207 2841 1313 2908 stadia

228 2923 605 2992 Celebrantursolennia.
900 2923 1249 3007 Peripsiussullragia.
1282 2927 1392 2989 Amen.

244 3031 339 3088 Text.
375 3034 454 3091 Miss.
473 3032 553 3088 fratr.
573 3033 661 3089 Poris.
682 3035 760 3088 1520.

636 3445 707 3507 443.
740 3437 793 3504 De
806 3436 1010 3522 martyribus.

586 3558 702 3625 (Auctor
722 3565 765 3612 est
784 3558 892 3614 Notlrer
910 3557 1063 3627 Balbulus.)

197 3690 223 3750 1.
246 3685 357 3766 Agone
379 3681 562 3765 triumphali
586 3685 722 3750 militum
742 3688 827 3768 regis
843 3689 957 3753 summi
974 3688 1042 3753 dies
1058 3687 1118 3752 iste
1132 3687 1266 3753 celebris
1282 3691 1332 3752 est
1346 3685 1474 3768 populis

323 3767 449 3833 Christo
465 3767 534 3847 regi
549 3767 698 3833 credulis.

194 3855 223 3916 2.
245 3851 287 3916 Hi
304 3852 572 3917 delectamentum
585 3860 775 3935 respuerant
792 3854 1024 3920 mundanorum

195 3941 223 4000 3.
246 3935 289 4000 Et
303 3953 427 4001 crucem
442 3943 518 4002 tune
533 3941 659 4018 turpem
675 3937 817 4018 quotidie
834 3938 1024 4006 baiularant.

194 4026 224 4084 4.
245 4019 313 4086 Hos
327 4021 446 4086 nullius
460 4019 572 4086 feritas
586 4039 606 4086 a
621 4021 749 4086 tlhristo
764 4028 902 4105 separat,

195 4107 224 4169 5.
246 4101 330 4179 Quin
345 4103 387 4168 ad
402 4123 473 4169 eum
488 4105 644 4171 mortibus
659 4105 795 4172 millenis
810 4111 991 4189 properent.

195 4191 224 4251 6.
246 4186 317 4251 Nou
332 4205 439 4254 carcer
454 4189 539 4254 ullus
555 4194 612 4256 aut
627 4195 740 4256 catena
753 4191 902 4256 molliunt
916 4189 1012 4257 fortia
1027 4191 1059 4256 in
1075 4190 1202 4256 Christo
1217 4194 1357 4272 pectora.

196 4276 224 4335 7.
246 4269 311 4336 Sed
325 4288 383 4336 uec
399 4271 537 4338 ferarum
551 4292 678 4340 morsus
693 4275 755 4340 diri
769 4279 946 4357 martyrum
961 4274 1097 4341 solidum
1112 4279 1266 4343 excavant
1280 4275 1431 4340 animum.

194 4359 224 4420 8.
246 4354 318 4420 Non
332 4355 500 4422 imminens
515 4359 612 4438 capiti
626 4357 752 4439 gladius
768 4360 897 4426 territat

195 4443 224 4507 9.
247 4438 451 4506 Fortissimus
466 4439 584 4506 milites
599 4441 711 4523 optimi
725 4442 854 4510 domiui.

176 4528 225 4591 10.
246 4522 338 4590 Nunc
351 4523 522 4677 mgnlubDei
537 4526 691 4609 complexi
705 4532 952 4610 persequentum
966 4528 1124 4596 insultant
1137 4527 1298 4596 furoribus
1314 4522 1474 4611 quondam

324 4625 380 4676 oru
403 4627 444 4677 11
467 4625 516 4692 us,
