3240 5224
237 459 266 522 9.
284 455 344 524 Hie
358 457 555 526 audientium

285 541 347 606 Per
362 544 561 624 evangelium

284 627 415 692 Animas
431 627 542 706 reiicit,

284 709 376 783 Quod
392 729 454 776 non
469 731 525 794 per
540 713 708 796 bominem,

283 793 346 860 Sed
362 799 465 860 totum
481 795 621 862 ordinem

284 879 312 944 Α
328 877 456 944 Christo
472 879 591 944 didicit.

216 965 264 1030 10.
283 962 435 1060 Flagellis
450 964 603 1042 caeditur,

283 1046 375 1113 Saxis
390 1047 547 1128 obruitur,

283 1130 393 1196 Terin
409 1129 591 1213 naufragio:

283 1215 413 1280 Iudaeis
428 1217 579 1296 gentibus

282 1297 326 1363 Et
340 1297 431 1363 lalsis
446 1297 601 1366 iratribus

282 1383 363 1448 Erat
377 1382 526 1448 ludibrio.

215 1465 263 1530 11.
283 1465 421 1532 Nuditas
436 1485 489 1532 cor
515 1467 578 1532 oris

282 1549 469 1631 Horrorque
484 1487 621 1632 Kigoris,

282 1633 406 1712 Fumea,
421 1635 548 1716 vigiliae

281 1715 436 1801 Affiigunt
451 1719 600 1798 animum,

281 1802 345 1868 Sed
361 1810 458 1886 auget
472 1803 642 1888 plurimum

282 1886 376 1953 Zelus
390 1888 550 1956 ecclcsiae.

214 1963 262 2038 12.
279 1971 421 2038 Laborat
436 1972 590 2048 manibus,

280 2057 330 2122 Ne
344 2061 457 2136 gravet
472 2055 651 2138 sumptibus

281 2140 330 2204 Ex
346 2139 528 2219 evangelio:

279 2224 345 2289 Res
360 2229 468 2288 tamen
484 2222 614 2305 colligit,

745 285 975 350 ..232-

893 469 941 534 13.
960 467 997 531 In
1013 467 1135 532 coelum
1148 468 1283 548 rapitur,

959 551 1084 615 Arcano
1098 551 1241 632 iungitur

960 633 1020 698 Dei
1036 633 1202 716 colloquio,

960 715 1052 796 Quod
1068 719 1199 784 verbnm
1215 719 1354 784 numinis

960 802 988 867 N
992 820 1030 866 on
1046 803 1121 866 licet
1135 802 1271 868 bominis

959 884 1100 952 Proferri
1114 885 1210 952 labio.

893 969 1234 1036 mmmmm

960 1053 1123 1118 Virtutum
1139 1053 1244 1135 gratia

959 1136 1077 1202 Paulus
1093 1139 1265 1220 superbiat,

958 1221 985 1286 Α
1001 1221 1104 1286 carnis
1120 1222 1250 1288 stimulo

959 1303 1111 1371 Pulsatus
1125 1305 1236 1370 sedulo

958 1389 1098 1454 Mentem
1113 1388 1268 1456 humiliat.

892 1473 939 1535 15.
957 1471 1132 1554 Postquam
1147 1471 1242 1540 officii

958 1555 1130 1638 Sanctique
1146 1558 1245 1624 studii

959 1639 1136 1722 Complevit
1149 1659 1257 1724 opera,

959 1723 1096 1790 Neronis
1112 1725 1219 1806 gladio

959 1807 1055 1874 Sacro
1072 1809 1224 1890 martyrio

958 1891 1079 1974 Migrat
1094 1893 1135 1958 ad
1150 1893 1289 1959 aethera.

891 1971 939 2039 16.
960 1975 1057 2042 Cuius
1072 1974 1168 2042 suffra
1192 1979 1257 2042 ium

958 2059 1115 2126 Praesens
1131 1995 1299 2142 eofiegium

958 2146 1080 2208 Devote
1094 2143 1228 2226 flagitat,

958 2225 1004 2292 Ut
1019 2227 1061 2294 ad
1076 2229 1229 2294 coelestia

280 2307 439 2372 Collectas
454 2306 564 2388 dirigit

957 2309 1062 2378 Corda
1076 2313 1239 2396 torpentia

279 2392 430 2458 Fratrum
445 2391 596 2458 subsidio.

956 2395 1083 2478 Pungat
1098 2404 1132 2462 et
1146 2397 1273 2463 excitet.
1304 2397 1416 2462 Amen.

280 2517 304 2556 a.
323 2501 419 2556 Tenet.
455 2498 547 2556 Moral
566 2497 618 2556 No.
638 2501 699 2555 246.
718 2497 747 2556 6.
765 2503 826 2556 156.
850 2518 918 2558 aus:
934 2491 992 2558 Hs:
1006 2519 1044 2560 se
1061 2503 1102 2562 St.
1122 2502 1223 2560 Golden
1240 2503 1292 2561 No.
1303 2506 1356 2561 646
1369 2503 1521 2577 (Brander)

209 2571 257 2628 ΒΖ.
276 2575 337 2629 350.
356 2573 428 2628 olane
446 2570 577 2627 Melodie.

280 2663 306 2718 b.
325 2660 512 2718 Lesorten.
549 2663 575 2715 7.
593 2656 667 2714 Hier
681 2659 755 2728 sebit
772 2661 833 2718 eine
851 2661 932 2718 balbe
951 2661 1079 2733 serapte.

770 2799 964 2813 fi*

487 2887 558 2950 393.
602 2883 653 2952 De
674 2889 782 2950 sancto
802 2881 907 2951 Paulo
929 2881 1080 2952 Puteolos
1101 2885 1235 2952 advecto.

251 3002 302 3070 Ad
316 3001 458 3068 Maronis
471 3001 667 3067 mausoleum

251 3089 374 3152 Ductus
389 3085 472 3152 ludit
487 3103 669 3168 supereum

251 3169 328 3236 Piae
343 3189 447 3236 rorem
461 3171 625 3236 lacrimae:

251 3253 422 3334 Quantum,
438 3255 550 3338 inquit,
566 3261 599 3322 tc
613 3253 771 3334 iecissem,

251 3339 367 3406 Virum
382 3339 409 3406 si
423 3345 456 3405 tc
470 3341 663 3406 invenissem

193 3508 198 3518 Ι
250 3423 423 3490 Poetarum
438 3426 584 3490 maxime.

280 3532 376 3588 Terei.
412 3533 571 3589 Schlosser:
599 3531 704 3586 Ia'eder
730 3531 781 3586 der
807 3527 915 3584 Kircbe
944 3530 965 3584 l.
994 3546 1020 3598 p.
1039 3531 1100 3585 416.
1137 3529 1219 3599 „Aue
1244 3531 1418 3586 mdadlr'clser
1445 3531 1513 3587 Mit-

208 3604 333 3674 tbcilunp
360 3605 463 3658 melnes
490 3604 594 3674 selipen
621 3603 750 3657 Brudera
777 3617 839 3656 com
866 3600 954 3655 dabre
981 3603 1060 3654 1812.
1097 3599 1180 3656 Docls
1198 3603 1238 3658 s'at
1256 3603 1346 3658 dieser
1368 3601 1437 3657 Vera
1454 3603 1515 3658 und

209 3676 284 3730 dimo
301 3675 435 3744 Sequens,
463 3675 580 3729 wclcber
606 3691 637 3728 cr
655 3673 812 3743 anpetdrea
830 3671 892 3738 soll,
919 3671 1054 3741 aisperde
1080 3673 1272 3743 aasaufiaden.
1309 3673 1391 3728 Aucb
1416 3675 1513 3729 warde

207 3747 264 3802 mir
283 3748 338 3815 aus
351 3749 426 3802 mdes
444 3744 589 3815 Besrapea
608 3745 731 3799 doruber
749 3742 943 3798 dieEaeistena
962 3743 1103 3798 desselben
1120 3745 1160 3798 im
1168 3743 1338 3800 Introrsus
1356 3761 1393 3800 aa
1403 3743 1514 3813 Neopel

207 3818 267 3873 und
284 3835 322 3873 aa
339 3817 477 3873 Porsuoli
495 3815 694 3872 ausdruckzicl
720 3815 752 3869 in
770 3815 881 3868 Abrede
906 3814 1022 3884 postellt.
1059 3813 1117 3870 Die
1135 3815 1282 3872 Aecbtbcit
1306 3817 1449 3871 darselbers
1473 3818 1512 3870 ist

208 3890 296 3944 daber
314 3891 370 3960 auf
386 3889 459 3944 allen
477 3887 546 3944 Foll
562 3886 785 3943 unerwemlicbf‘
804 3886 956 3942 Schlosser.
982 3915 1016 3926 -
1043 3885 1194 3956 „Fortasse
1214 3889 1330 3958 stropha
1348 3887 1513 3958 deprompta

207 3968 251 4016 est
269 3976 304 4016 ex
322 3961 372 4015 illa
390 3961 542 4030 sequentia,
562 3975 632 4028 qnae
650 3957 865 4013 Bettinollio
884 3965 957 4013 teste
976 3957 1038 4025 (Del
1057 3959 1259 4027 resorglmento
1278 3957 1511 4014 d’ltallatonu.11.

207 4047 233 4100 p.
255 4035 295 4086 16.
315 4039 372 4087 not.
410 4047 461 4102 per
487 4031 622 4088 nonnulla
650 4029 733 4086 medii
761 4028 821 4084 aeri
848 4027 958 4084 saecula
976 4027 1051 4097 apud
1067 4029 1237 4088 Mantuanos
1255 4030 1403 4087 decantata
1420 4038 1465 4085 est
1482 4031 1511 4084 in

207 4105 341 4159 honorem
359 4033 497 4173 duplus
533 4101 643 4160 Daniel.

472 4295 542 4358 394.
585 4289 637 4358 De
657 4289 779 4354 suadis
800 4286 951 4368 apostolis
971 4285 1067 4354 Petro
1089 4290 1118 4351 ct
1139 4283 1254 4354 Panlo.

620 4388 736 4458 (Auctor
755 4394 797 4443 est
814 4387 924 4442 Notlrcr
941 4385 1096 4458 Balbulns.)

231 4487 259 4547 1.
281 4479 386 4559 Petro,
403 4495 525 4544 summe
541 4477 661 4544 Christi
675 4481 796 4560 pastor,
813 4480 846 4541 et
860 4475 968 4556 Paule,
984 4476 1128 4558 gentium
1142 4475 1265 4550 doctor,

229 4571 258 4630 2.
279 4563 456 4630 Ecclesiam
471 4561 587 4628 vestris
603 4559 755 4628 doctrinis
770 4561 981 4626 illuminatam

229 4655 258 4716 3.
281 4650 343 4715 Per
358 4649 510 4716 circulum
523 4649 629 4714 torrae
642 4651 792 4732 precatus
806 4643 937 4711 amovet
950 4647 1067 4710 vester.
