<?xml version="1.0" encoding="UTF-8"?>
<!DOCTYPE html PUBLIC "-//W3C//DTD XHTML 1.0 Transitional//EN"
    "http://www.w3.org/TR/xhtml1/DTD/xhtml1-transitional.dtd">
<html xmlns="http://www.w3.org/1999/xhtml" xml:lang="en" lang="en">
 <head>
  <title>
</title>
<meta http-equiv="Content-Type" content="text/html;charset=utf-8" />
  <meta name='ocr-system' content='tesseract 3.04.00' />
  <meta name='ocr-capabilities' content='ocr_page ocr_carea ocr_par ocr_line ocrx_word'/>
</head>
<body>
  <div class='ocr_page' id='page_1' title='image "./lateinischesequ02kehrgoog_0421.png"; bbox 0 0 3234 5246; ppageno 0'>
   <div class='ocr_carea' id='block_1_1' title="bbox 687 285 918 350">
    <p class='ocr_par' dir='ltr' id='par_1_1' title="bbox 687 285 918 350">
     <span class='ocr_line' id='line_1_1' title="bbox 687 285 918 350; baseline 0.009 -20"><span class='ocrx_word' id='word_1_1' title='bbox 687 285 918 350; x_wconf 64' lang='lat' dir='ltr'>..ppp-</span> 
     </span>
    </p>
   </div>
   <div class='ocr_carea' id='block_1_2' title="bbox 535 464 1084 552">
    <p class='ocr_par' dir='ltr' id='par_1_2' title="bbox 535 464 1084 552">
     <span class='ocr_line' id='line_1_2' title="bbox 535 464 1084 552; baseline 0.004 -20"><span class='ocrx_word' id='word_1_2' title='bbox 535 471 606 533; x_wconf 83' lang='lat'>591.</span> <span class='ocrx_word' id='word_1_3' title='bbox 649 464 701 533; x_wconf 85' lang='lat' dir='ltr'>Dc</span> <span class='ocrx_word' id='word_1_4' title='bbox 721 487 747 534; x_wconf 86' lang='lat' dir='ltr'>e.</span> <span class='ocrx_word' id='word_1_5' title='bbox 773 466 880 534; x_wconf 79' lang='lat' dir='ltr'>Goorc</span> <span class='ocrx_word' id='word_1_6' title='bbox 900 467 1084 552; x_wconf 76' lang='lat' dir='ltr'>confessore.</span> 
     </span>
    </p>
   </div>
   <div class='ocr_carea' id='block_1_3' title="bbox 160 582 1478 727">
    <p class='ocr_par' dir='ltr' id='par_1_3' title="bbox 160 582 1478 727">
     <span class='ocr_line' id='line_1_3' title="bbox 160 582 1478 727; baseline 0.003 -87"><span class='ocrx_word' id='word_1_7' title='bbox 160 582 306 652; x_wconf 77' lang='lat' dir='ltr'>(Stammta</span> <span class='ocrx_word' id='word_1_8' title='bbox 333 601 385 642; x_wconf 78' lang='lat' dir='ltr'>aaa</span> <span class='ocrx_word' id='word_1_9' title='bbox 413 585 596 656; x_wconf 75' lang='lat' dir='ltr'>Aquitanica,</span> <span class='ocrx_word' id='word_1_10' title='bbox 623 585 689 642; x_wconf 80' lang='lat' dir='ltr'>kam</span> <span class='ocrx_word' id='word_1_11' title='bbox 707 589 768 712; x_wconf 68' lang='grc' dir='ltr'>6Ῑᾶ</span> <span class='ocrx_word' id='word_1_12' title='bbox 778 585 1073 727; x_wconf 48' lang='lat' dir='ltr'>rzcngsserjtacbland,</span> <span class='ocrx_word' id='word_1_13' title='bbox 1100 587 1180 643; x_wconf 85' lang='lat' dir='ltr'>atarb</span> <span class='ocrx_word' id='word_1_14' title='bbox 1210 600 1256 640; x_wconf 82' lang='lat' dir='ltr'>arr</span> <span class='ocrx_word' id='word_1_15' title='bbox 1274 589 1298 642; x_wconf 82' lang='grc'><strong>6.</strong></span> <span class='ocrx_word' id='word_1_16' title='bbox 1318 585 1384 642; x_wconf 74' lang='lat' dir='ltr'>Jale</span> <span class='ocrx_word' id='word_1_17' title='bbox 1401 590 1478 655; x_wconf 78' lang='lat'><em>575,</em></span> 
     </span>
     <span class='ocr_line' id='line_1_4' title="bbox 687 673 923 712; baseline 0 0"><span class='ocrx_word' id='word_1_18' title='bbox 687 673 734 712; x_wconf 84' lang='lat' dir='ltr'>rer</span> <span class='ocrx_word' id='word_1_19' title='bbox 768 675 783 712; x_wconf 88' lang='lat' dir='ltr'>r</span> <span class='ocrx_word' id='word_1_20' title='bbox 833 699 839 712; x_wconf 94' lang='lat'><strong>.</strong></span> <span class='ocrx_word' id='word_1_21' title='bbox 903 676 923 712; x_wconf 78' lang='lat' dir='ltr'>r.</span> 
     </span>
    </p>
   </div>
   <div class='ocr_carea' id='block_1_4' title="bbox 184 774 1473 2873">
    <p class='ocr_par' dir='ltr' id='par_1_4' title="bbox 186 774 1354 1112">
     <span class='ocr_line' id='line_1_5' title="bbox 186 774 1278 861; baseline 0.001 -19"><span class='ocrx_word' id='word_1_22' title='bbox 186 783 213 842; x_wconf 90' lang='lat'>1.</span> <span class='ocrx_word' id='word_1_23' title='bbox 232 775 360 843; x_wconf 82' lang='lat' dir='ltr'><strong>Laudes</strong></span> <span class='ocrx_word' id='word_1_24' title='bbox 377 774 723 860; x_wconf 78' lang='lat' dir='ltr'>Christocumgaudio</span> <span class='ocrx_word' id='word_1_25' title='bbox 857 785 885 844; x_wconf 81' lang='grc'><strong>7.</strong></span> <span class='ocrx_word' id='word_1_26' title='bbox 905 779 954 846; x_wconf 76' lang='lat' dir='ltr'>lb</span> <span class='ocrx_word' id='word_1_27' title='bbox 969 779 1087 861; x_wconf 88' lang='lat' dir='ltr'>iniquis</span> <span class='ocrx_word' id='word_1_28' title='bbox 1101 785 1278 859; x_wconf 88' lang='lat' dir='ltr'>accusatur,</span> 
     </span>
     <span class='ocr_line' id='line_1_6' title="bbox 230 861 1312 946; baseline -0.001 -19"><span class='ocrx_word' id='word_1_29' title='bbox 230 861 351 927; x_wconf 88' lang='lat' dir='ltr'>Nostra</span> <span class='ocrx_word' id='word_1_30' title='bbox 364 865 486 944; x_wconf 80' lang='lat' dir='ltr'>pangat</span> <span class='ocrx_word' id='word_1_31' title='bbox 501 861 638 944; x_wconf 84' lang='lat' dir='ltr'>devotio,</span> <span class='ocrx_word' id='word_1_32' title='bbox 905 863 1017 930; x_wconf 86' lang='lat' dir='ltr'>Virtus</span> <span class='ocrx_word' id='word_1_33' title='bbox 1032 862 1092 928; x_wconf 88' lang='lat' dir='ltr'>Dei</span> <span class='ocrx_word' id='word_1_34' title='bbox 1112 868 1312 946; x_wconf 76' lang='lat' dir='ltr'>protestatur</span> 
     </span>
     <span class='ocr_line' id='line_1_7' title="bbox 232 943 1354 1014; baseline 0.004 -4"><span class='ocrx_word' id='word_1_35' title='bbox 232 943 566 1012; x_wconf 83' lang='lat' dir='ltr'>Cuiusmiscrioordia</span> <span class='ocrx_word' id='word_1_36' title='bbox 904 945 1354 1014; x_wconf 82' lang='lat' dir='ltr'>Huncimmuuemialeitatis</span> 
     </span>
     <span class='ocr_line' id='line_1_8' title="bbox 232 1027 1286 1112; baseline -0.001 -18"><span class='ocrx_word' id='word_1_37' title='bbox 232 1027 333 1094; x_wconf 90' lang='lat' dir='ltr'>Nobis</span> <span class='ocrx_word' id='word_1_38' title='bbox 348 1034 439 1094; x_wconf 86' lang='lat' dir='ltr'>tanta</span> <span class='ocrx_word' id='word_1_39' title='bbox 455 1029 512 1095; x_wconf 88' lang='lat' dir='ltr'>dat</span> <span class='ocrx_word' id='word_1_40' title='bbox 527 1029 653 1112; x_wconf 85' lang='lat' dir='ltr'>gaudia.</span> <span class='ocrx_word' id='word_1_41' title='bbox 905 1031 948 1097; x_wconf 80' lang='lat' dir='ltr'>Et</span> <span class='ocrx_word' id='word_1_42' title='bbox 963 1031 1117 1096; x_wconf 89' lang='lat' dir='ltr'>cultorem</span> <span class='ocrx_word' id='word_1_43' title='bbox 1132 1031 1286 1096; x_wconf 85' lang='lat' dir='ltr'>veritatis.</span> 
     </span>
    </p>

    <p class='ocr_par' dir='ltr' id='par_1_5' title="bbox 184 1111 1394 1448">
     <span class='ocr_line' id='line_1_9' title="bbox 184 1111 760 1194; baseline 0.009 -17"><span class='ocrx_word' id='word_1_44' title='bbox 184 1115 213 1176; x_wconf 81' lang='lat'>2.</span> <span class='ocrx_word' id='word_1_45' title='bbox 235 1111 314 1178; x_wconf 90' lang='lat' dir='ltr'>Tam</span> <span class='ocrx_word' id='word_1_46' title='bbox 329 1113 529 1194; x_wconf 90' lang='lat' dir='ltr'>praeclarum</span> <span class='ocrx_word' id='word_1_47' title='bbox 546 1113 760 1182; x_wconf 85' lang='lat' dir='ltr'>confessorem</span> 
     </span>
     <span class='ocr_line' id='line_1_10' title="bbox 233 1195 1394 1280; baseline 0.003 -18"><span class='ocrx_word' id='word_1_48' title='bbox 233 1195 474 1278; x_wconf 77' lang='lat' dir='ltr'>Amplectamur</span> <span class='ocrx_word' id='word_1_49' title='bbox 487 1203 525 1264; x_wconf 90' lang='lat' dir='ltr'>ut</span> <span class='ocrx_word' id='word_1_50' title='bbox 541 1197 689 1280; x_wconf 69' lang='lat' dir='ltr'>tiberem,</span> <span class='ocrx_word' id='word_1_51' title='bbox 856 1205 886 1264; x_wconf 88' lang='lat'>8.</span> <span class='ocrx_word' id='word_1_52' title='bbox 905 1197 1015 1265; x_wconf 78' lang='lat' dir='ltr'><strong>Infans</strong></span> <span class='ocrx_word' id='word_1_53' title='bbox 1029 1215 1168 1280; x_wconf 85' lang='lat' dir='ltr'>namque</span> <span class='ocrx_word' id='word_1_54' title='bbox 1182 1197 1394 1280; x_wconf 83' lang='lat' dir='ltr'>proloquitur,</span> 
     </span>
     <span class='ocr_line' id='line_1_11' title="bbox 232 1279 1368 1364; baseline 0.003 -19"><span class='ocrx_word' id='word_1_55' title='bbox 232 1279 312 1346; x_wconf 88' lang='lat' dir='ltr'>Eius</span> <span class='ocrx_word' id='word_1_56' title='bbox 327 1299 385 1362; x_wconf 85' lang='lat' dir='ltr'>per</span> <span class='ocrx_word' id='word_1_57' title='bbox 398 1281 559 1348; x_wconf 88' lang='lat' dir='ltr'>mirabilia</span> <span class='ocrx_word' id='word_1_58' title='bbox 905 1285 988 1348; x_wconf 89' lang='lat' dir='ltr'>Dum</span> <span class='ocrx_word' id='word_1_59' title='bbox 1004 1299 1023 1346; x_wconf 88' lang='lat' dir='ltr'>e</span> <span class='ocrx_word' id='word_1_60' title='bbox 1038 1287 1148 1347; x_wconf 91' lang='lat' dir='ltr'>sancto</span> <span class='ocrx_word' id='word_1_61' title='bbox 1163 1282 1368 1364; x_wconf 82' lang='lat' dir='ltr'>praecipitur,</span> 
     </span>
     <span class='ocr_line' id='line_1_12' title="bbox 233 1363 1387 1448; baseline 0.002 -18"><span class='ocrx_word' id='word_1_62' title='bbox 233 1363 577 1432; x_wconf 88' lang='lat' dir='ltr'>Illustratoreoclesia.</span> <span class='ocrx_word' id='word_1_63' title='bbox 906 1367 962 1433; x_wconf 91' lang='lat' dir='ltr'>Vis</span> <span class='ocrx_word' id='word_1_64' title='bbox 978 1371 1113 1432; x_wconf 89' lang='lat' dir='ltr'>naturae</span> <span class='ocrx_word' id='word_1_65' title='bbox 1128 1365 1214 1448; x_wconf 86' lang='lat' dir='ltr'>quod</span> <span class='ocrx_word' id='word_1_66' title='bbox 1228 1385 1291 1432; x_wconf 91' lang='lat' dir='ltr'>uon</span> <span class='ocrx_word' id='word_1_67' title='bbox 1305 1375 1387 1446; x_wconf 84' lang='lat' dir='ltr'>erat,</span> 
     </span>
    </p>

    <p class='ocr_par' dir='ltr' id='par_1_6' title="bbox 186 1448 1305 1616">
     <span class='ocr_line' id='line_1_13' title="bbox 186 1448 1305 1517; baseline 0.003 -4"><span class='ocrx_word' id='word_1_68' title='bbox 186 1449 214 1513; x_wconf 88' lang='lat'>3.</span> <span class='ocrx_word' id='word_1_69' title='bbox 234 1448 479 1516; x_wconf 87' lang='lat' dir='ltr'>Huncvirtutee</span> <span class='ocrx_word' id='word_1_70' title='bbox 493 1449 680 1515; x_wconf 90' lang='lat' dir='ltr'>meritorum</span> <span class='ocrx_word' id='word_1_71' title='bbox 905 1449 1305 1517; x_wconf 86' lang='lat' dir='ltr'>Triduanusnamluerat.</span> 
     </span>
     <span class='ocr_line' id='line_1_14' title="bbox 235 1533 724 1616; baseline 0.002 -18"><span class='ocrx_word' id='word_1_72' title='bbox 235 1533 287 1599; x_wconf 86' lang='lat' dir='ltr'>Sic</span> <span class='ocrx_word' id='word_1_73' title='bbox 302 1534 460 1599; x_wconf 83' lang='lat' dir='ltr'>emebant</span> <span class='ocrx_word' id='word_1_74' title='bbox 474 1533 534 1616; x_wconf 91' lang='lat' dir='ltr'>(et)</span> <span class='ocrx_word' id='word_1_75' title='bbox 551 1533 724 1615; x_wconf 86' lang='lat' dir='ltr'>signorum,</span> 
     </span>
    </p>

    <p class='ocr_par' dir='ltr' id='par_1_7' title="bbox 234 1617 1411 1786">
     <span class='ocr_line' id='line_1_15' title="bbox 234 1617 1411 1701; baseline 0.003 -19"><span class='ocrx_word' id='word_1_76' title='bbox 234 1617 317 1682; x_wconf 90' lang='lat' dir='ltr'>Duru</span> <span class='ocrx_word' id='word_1_77' title='bbox 334 1619 366 1682; x_wconf 91' lang='lat' dir='ltr'>in</span> <span class='ocrx_word' id='word_1_78' title='bbox 381 1633 476 1683; x_wconf 87' lang='lat' dir='ltr'>cume</span> <span class='ocrx_word' id='word_1_79' title='bbox 491 1618 646 1684; x_wconf 76' lang='lat' dir='ltr'>militaret</span> <span class='ocrx_word' id='word_1_80' title='bbox 858 1624 886 1684; x_wconf 87' lang='grc'><strong>9.</strong></span> <span class='ocrx_word' id='word_1_81' title='bbox 905 1617 1008 1696; x_wconf 83' lang='lat' dir='ltr'>Quam</span> <span class='ocrx_word' id='word_1_82' title='bbox 1024 1619 1148 1700; x_wconf 83' lang='lat' dir='ltr'>devote,</span> <span class='ocrx_word' id='word_1_83' title='bbox 1164 1636 1260 1701; x_wconf 86' lang='lat' dir='ltr'>quam</span> <span class='ocrx_word' id='word_1_84' title='bbox 1274 1623 1411 1699; x_wconf 85' lang='lat' dir='ltr'>attente,</span> 
     </span>
     <span class='ocr_line' id='line_1_16' title="bbox 234 1699 1321 1786; baseline 0 -20"><span class='ocrx_word' id='word_1_85' title='bbox 234 1701 278 1766; x_wconf 88' lang='lat' dir='ltr'>Et</span> <span class='ocrx_word' id='word_1_86' title='bbox 292 1702 333 1766; x_wconf 90' lang='lat' dir='ltr'>ad</span> <span class='ocrx_word' id='word_1_87' title='bbox 350 1701 453 1768; x_wconf 89' lang='lat' dir='ltr'>coelos</span> <span class='ocrx_word' id='word_1_88' title='bbox 467 1699 642 1767; x_wconf 90' lang='lat' dir='ltr'>anhelaret.</span> <span class='ocrx_word' id='word_1_89' title='bbox 907 1703 980 1780; x_wconf 77' lang='lat' dir='ltr'>Ore,</span> <span class='ocrx_word' id='word_1_90' title='bbox 996 1703 1101 1780; x_wconf 81' lang='lat' dir='ltr'>corde,</span> <span class='ocrx_word' id='word_1_91' title='bbox 1119 1707 1321 1786; x_wconf 88' lang='lat' dir='ltr'>puramente</span> 
     </span>
    </p>

    <p class='ocr_par' dir='ltr' id='par_1_8' title="bbox 186 1784 1312 2118">
     <span class='ocr_line' id='line_1_17' title="bbox 186 1784 1264 1870; baseline 0.003 -21"><span class='ocrx_word' id='word_1_92' title='bbox 186 1789 216 1849; x_wconf 89' lang='lat'>4.</span> <span class='ocrx_word' id='word_1_93' title='bbox 234 1784 357 1852; x_wconf 90' lang='lat' dir='ltr'>Utnon</span> <span class='ocrx_word' id='word_1_94' title='bbox 373 1785 474 1851; x_wconf 89' lang='lat' dir='ltr'>solum</span> <span class='ocrx_word' id='word_1_95' title='bbox 490 1784 663 1862; x_wconf 88' lang='lat' dir='ltr'>elementis,</span> <span class='ocrx_word' id='word_1_96' title='bbox 905 1787 1023 1853; x_wconf 86' lang='lat' dir='ltr'>Hacin</span> <span class='ocrx_word' id='word_1_97' title='bbox 1039 1788 1106 1853; x_wconf 88' lang='lat' dir='ltr'>vita</span> <span class='ocrx_word' id='word_1_98' title='bbox 1120 1789 1264 1870; x_wconf 88' lang='lat' dir='ltr'>peritura</span> 
     </span>
     <span class='ocr_line' id='line_1_18' title="bbox 235 1867 1312 1954; baseline 0 -18"><span class='ocrx_word' id='word_1_99' title='bbox 235 1867 298 1936; x_wconf 86' lang='lat' dir='ltr'>Sed</span> <span class='ocrx_word' id='word_1_100' title='bbox 317 1870 428 1935; x_wconf 90' lang='lat' dir='ltr'>bestiis</span> <span class='ocrx_word' id='word_1_101' title='bbox 444 1875 478 1936; x_wconf 89' lang='lat' dir='ltr'>et</span> <span class='ocrx_word' id='word_1_102' title='bbox 490 1869 642 1935; x_wconf 88' lang='lat' dir='ltr'>iumentis</span> <span class='ocrx_word' id='word_1_103' title='bbox 908 1871 988 1937; x_wconf 88' lang='lat' dir='ltr'>Orat</span> <span class='ocrx_word' id='word_1_104' title='bbox 1002 1870 1105 1936; x_wconf 89' lang='lat' dir='ltr'>Deum</span> <span class='ocrx_word' id='word_1_105' title='bbox 1121 1889 1179 1954; x_wconf 90' lang='lat' dir='ltr'>pro</span> <span class='ocrx_word' id='word_1_106' title='bbox 1194 1869 1312 1936; x_wconf 79' lang='lat' dir='ltr'>lutura</span> 
     </span>
     <span class='ocr_line' id='line_1_19' title="bbox 234 1952 607 2036; baseline 0 -18"><span class='ocrx_word' id='word_1_107' title='bbox 234 1952 341 2018; x_wconf 82' lang='lat' dir='ltr'>Verbo</span> <span class='ocrx_word' id='word_1_108' title='bbox 356 1953 417 2018; x_wconf 90' lang='lat' dir='ltr'>Dei</span> <span class='ocrx_word' id='word_1_109' title='bbox 432 1954 607 2036; x_wconf 78' lang='lat' dir='ltr'>imperaret</span> 
     </span>
     <span class='ocr_line' id='line_1_20' title="bbox 236 2036 1299 2118; baseline 0 -16"><span class='ocrx_word' id='word_1_110' title='bbox 236 2037 280 2102; x_wconf 85' lang='lat' dir='ltr'>Et</span> <span class='ocrx_word' id='word_1_111' title='bbox 295 2037 467 2104; x_wconf 90' lang='lat' dir='ltr'>daemones</span> <span class='ocrx_word' id='word_1_112' title='bbox 483 2036 648 2118; x_wconf 82' lang='lat' dir='ltr'>effugaret.</span> <span class='ocrx_word' id='word_1_113' title='bbox 841 2044 888 2104; x_wconf 86' lang='lat' dir='ltr'>lo.</span> <span class='ocrx_word' id='word_1_114' title='bbox 908 2038 999 2103; x_wconf 86' lang='lat' dir='ltr'>Nunc</span> <span class='ocrx_word' id='word_1_115' title='bbox 1014 2037 1118 2104; x_wconf 89' lang='lat' dir='ltr'>beatis</span> <span class='ocrx_word' id='word_1_116' title='bbox 1134 2037 1299 2118; x_wconf 87' lang='lat' dir='ltr'>spiritibus</span> 
     </span>
    </p>

    <p class='ocr_par' dir='ltr' id='par_1_9' title="bbox 187 2117 1379 2438">
     <span class='ocr_line' id='line_1_21' title="bbox 187 2117 1295 2187; baseline 0 -2"><span class='ocrx_word' id='word_1_117' title='bbox 187 2117 216 2180; x_wconf 87' lang='lat'>5.</span> <span class='ocrx_word' id='word_1_118' title='bbox 235 2119 409 2186; x_wconf 88' lang='lat' dir='ltr'>Ydolorum</span> <span class='ocrx_word' id='word_1_119' title='bbox 426 2121 477 2186; x_wconf 93' lang='lat' dir='ltr'>hic</span> <span class='ocrx_word' id='word_1_120' title='bbox 493 2123 650 2186; x_wconf 91' lang='lat' dir='ltr'>culturam</span> <span class='ocrx_word' id='word_1_121' title='bbox 907 2121 1039 2187; x_wconf 88' lang='lat' dir='ltr'>Iunctus</span> <span class='ocrx_word' id='word_1_122' title='bbox 1054 2121 1087 2187; x_wconf 93' lang='lat' dir='ltr'>in</span> <span class='ocrx_word' id='word_1_123' title='bbox 1102 2121 1295 2187; x_wconf 89' lang='lat' dir='ltr'>coelestibus</span> 
     </span>
     <span class='ocr_line' id='line_1_22' title="bbox 236 2203 1264 2288; baseline 0.002 -20"><span class='ocrx_word' id='word_1_124' title='bbox 236 2204 446 2286; x_wconf 77' lang='lat' dir='ltr'>Eut-irpando</span> <span class='ocrx_word' id='word_1_125' title='bbox 461 2203 556 2271; x_wconf 90' lang='lat' dir='ltr'>fidem</span> <span class='ocrx_word' id='word_1_126' title='bbox 571 2221 685 2288; x_wconf 89' lang='lat' dir='ltr'>puram</span> <span class='ocrx_word' id='word_1_127' title='bbox 907 2203 1264 2272; x_wconf 86' lang='lat' dir='ltr'>Uuastoledecoratur</span> 
     </span>
     <span class='ocr_line' id='line_1_23' title="bbox 236 2286 1379 2373; baseline -0.003 -21"><span class='ocrx_word' id='word_1_128' title='bbox 236 2286 375 2354; x_wconf 81' lang='lat' dir='ltr'>Cunctos</span> <span class='ocrx_word' id='word_1_129' title='bbox 391 2290 484 2354; x_wconf 88' lang='lat' dir='ltr'>docet</span> <span class='ocrx_word' id='word_1_130' title='bbox 498 2288 681 2366; x_wconf 81' lang='lat' dir='ltr'>observare,</span> <span class='ocrx_word' id='word_1_131' title='bbox 906 2289 1137 2372; x_wconf 90' lang='lat' dir='ltr'>Duplicemque</span> <span class='ocrx_word' id='word_1_132' title='bbox 1152 2289 1379 2373; x_wconf 87' lang='lat' dir='ltr'>praestolatur.</span> 
     </span>
     <span class='ocr_line' id='line_1_24' title="bbox 237 2371 582 2438; baseline -0.003 -2"><span class='ocrx_word' id='word_1_133' title='bbox 237 2371 422 2438; x_wconf 80' lang='lat' dir='ltr'>Creatorem</span> <span class='ocrx_word' id='word_1_134' title='bbox 436 2372 582 2438; x_wconf 88' lang='lat' dir='ltr'>adorare.</span> 
     </span>
    </p>

    <p class='ocr_par' dir='ltr' id='par_1_10' title="bbox 189 2449 1473 2873">
     <span class='ocr_line' id='line_1_25' title="bbox 189 2449 1299 2538; baseline -0.001 -17"><span class='ocrx_word' id='word_1_135' title='bbox 189 2449 218 2518; x_wconf 86' lang='grc'><strong>6.</strong></span> <span class='ocrx_word' id='word_1_136' title='bbox 237 2455 437 2538; x_wconf 89' lang='lat' dir='ltr'>Hospitalcm</span> <span class='ocrx_word' id='word_1_137' title='bbox 453 2473 488 2522; x_wconf 91' lang='lat' dir='ltr'>se</span> <span class='ocrx_word' id='word_1_138' title='bbox 503 2455 694 2538; x_wconf 84' lang='lat' dir='ltr'>praebebat,</span> <span class='ocrx_word' id='word_1_139' title='bbox 841 2463 888 2522; x_wconf 91' lang='lat' dir='ltr'>ll.</span> <span class='ocrx_word' id='word_1_140' title='bbox 905 2455 1010 2522; x_wconf 90' lang='lat' dir='ltr'>Huius</span> <span class='ocrx_word' id='word_1_141' title='bbox 1025 2473 1103 2538; x_wconf 80' lang='lat' dir='ltr'>ergo</span> <span class='ocrx_word' id='word_1_142' title='bbox 1117 2457 1299 2521; x_wconf 83' lang='lat' dir='ltr'>interventu</span> 
     </span>
     <span class='ocr_line' id='line_1_26' title="bbox 234 2539 1336 2622; baseline 0.001 -19"><span class='ocrx_word' id='word_1_143' title='bbox 234 2539 425 2621; x_wconf 85' lang='lat' dir='ltr'>Peregrinos</span> <span class='ocrx_word' id='word_1_144' title='bbox 440 2540 619 2622; x_wconf 79' lang='lat' dir='ltr'>colligebat</span> <span class='ocrx_word' id='word_1_145' title='bbox 907 2539 947 2604; x_wconf 94' lang='lat' dir='ltr'>Iu</span> <span class='ocrx_word' id='word_1_146' title='bbox 962 2544 1104 2606; x_wconf 81' lang='lat' dir='ltr'>extremo</span> <span class='ocrx_word' id='word_1_147' title='bbox 1120 2558 1178 2606; x_wconf 92' lang='lat' dir='ltr'>nos</span> <span class='ocrx_word' id='word_1_148' title='bbox 1194 2541 1336 2605; x_wconf 87' lang='lat' dir='ltr'>adventu</span> 
     </span>
     <span class='ocr_line' id='line_1_27' title="bbox 236 2623 1311 2706; baseline 0 -18"><span class='ocrx_word' id='word_1_149' title='bbox 236 2623 568 2706; x_wconf 81' lang='lat' dir='ltr'>Christumregemin</span> <span class='ocrx_word' id='word_1_150' title='bbox 584 2623 725 2690; x_wconf 81' lang='lat' dir='ltr'>hisvero</span> <span class='ocrx_word' id='word_1_151' title='bbox 907 2623 1008 2688; x_wconf 87' lang='lat' dir='ltr'>Iudex</span> <span class='ocrx_word' id='word_1_152' title='bbox 1025 2625 1107 2690; x_wconf 91' lang='lat' dir='ltr'>iuste</span> <span class='ocrx_word' id='word_1_153' title='bbox 1122 2641 1311 2690; x_wconf 89' lang='lat' dir='ltr'>conservare</span> 
     </span>
     <span class='ocr_line' id='line_1_28' title="bbox 236 2706 1366 2792; baseline -0.004 -18"><span class='ocrx_word' id='word_1_154' title='bbox 236 2706 278 2774; x_wconf 89' lang='lat' dir='ltr'>Se</span> <span class='ocrx_word' id='word_1_155' title='bbox 293 2707 454 2774; x_wconf 87' lang='lat' dir='ltr'>confidens</span> <span class='ocrx_word' id='word_1_156' title='bbox 471 2708 642 2792; x_wconf 89' lang='lat' dir='ltr'>suscipere.</span> <span class='ocrx_word' id='word_1_157' title='bbox 908 2707 988 2773; x_wconf 84' lang='lat' dir='ltr'>Cum</span> <span class='ocrx_word' id='word_1_158' title='bbox 1004 2708 1123 2783; x_wconf 90' lang='lat' dir='ltr'>electis,</span> <span class='ocrx_word' id='word_1_159' title='bbox 1137 2725 1203 2787; x_wconf 87' lang='lat' dir='ltr'>rer,</span> <span class='ocrx_word' id='word_1_160' title='bbox 1222 2708 1366 2789; x_wconf 82' lang='lat' dir='ltr'>dignare.</span> 
     </span>
     <span class='ocr_line' id='line_1_29' title="bbox 236 2813 1473 2873; baseline -0.002 -3"><span class='ocrx_word' id='word_1_161' title='bbox 236 2831 262 2870; x_wconf 88' lang='lat' dir='ltr'>a.</span> <span class='ocrx_word' id='word_1_162' title='bbox 280 2815 306 2869; x_wconf 83' lang='lat' dir='ltr'><em>T</em></span> <span class='ocrx_word' id='word_1_163' title='bbox 311 2823 378 2872; x_wconf 80' lang='lat' dir='ltr'>cort.</span> <span class='ocrx_word' id='word_1_164' title='bbox 414 2817 503 2873; x_wconf 85' lang='lat' dir='ltr'>Morel</span> <span class='ocrx_word' id='word_1_165' title='bbox 523 2818 575 2872; x_wconf 89' lang='lat' dir='ltr'>No.</span> <span class='ocrx_word' id='word_1_166' title='bbox 594 2820 655 2871; x_wconf 77' lang='lat'>427.</span> <span class='ocrx_word' id='word_1_167' title='bbox 685 2815 713 2872; x_wconf 80' lang='lat' dir='ltr'>S.</span> <span class='ocrx_word' id='word_1_168' title='bbox 732 2819 786 2870; x_wconf 83' lang='lat'>237</span> <span class='ocrx_word' id='word_1_169' title='bbox 804 2832 871 2870; x_wconf 75' lang='lat' dir='ltr'>aare:</span> <span class='ocrx_word' id='word_1_170' title='bbox 898 2817 987 2870; x_wconf 63' lang='lat' dir='ltr'>doma</span> <span class='ocrx_word' id='word_1_171' title='bbox 1005 2815 1145 2873; x_wconf 83' lang='lat' dir='ltr'>Graduale</span> <span class='ocrx_word' id='word_1_172' title='bbox 1164 2819 1211 2872; x_wconf 79' lang='lat' dir='ltr'>dee</span> <span class='ocrx_word' id='word_1_173' title='bbox 1231 2819 1274 2870; x_wconf 77' lang='lat'>14.</span> <span class='ocrx_word' id='word_1_174' title='bbox 1293 2813 1394 2870; x_wconf 76' lang='lat' dir='ltr'>Jahrb.</span> <span class='ocrx_word' id='word_1_175' title='bbox 1414 2829 1473 2869; x_wconf 81' lang='lat' dir='ltr'>aas</span> 
     </span>
    </p>
   </div>
   <div class='ocr_carea' id='block_1_5' title="bbox 159 2883 1472 3028">
    <p class='ocr_par' dir='ltr' id='par_1_11' title="bbox 159 2883 1472 3028">
     <span class='ocr_line' id='line_1_30' title="bbox 165 2883 1472 3028; baseline -0.003 -86"><span class='ocrx_word' id='word_1_176' title='bbox 165 2887 225 2942; x_wconf 80' lang='lat' dir='ltr'>dem</span> <span class='ocrx_word' id='word_1_177' title='bbox 244 2886 428 3028; x_wconf 55' lang='lat' dir='ltr'>Serjrusetrfi</span> <span class='ocrx_word' id='word_1_178' title='bbox 445 2891 477 2943; x_wconf 82' lang='lat' dir='ltr'>ire</span> <span class='ocrx_word' id='word_1_179' title='bbox 495 2889 643 2958; x_wconf 77' lang='lat' dir='ltr'>Boppard.</span> <span class='ocrx_word' id='word_1_180' title='bbox 680 2886 852 2958; x_wconf 74' lang='lat' dir='ltr'>Mitpetbcilt</span> <span class='ocrx_word' id='word_1_181' title='bbox 870 2903 925 2942; x_wconf 84' lang='lat' dir='ltr'>voa</span> <span class='ocrx_word' id='word_1_182' title='bbox 942 2885 1066 2957; x_wconf 68' lang='lat' dir='ltr'>Horror</span> <span class='ocrx_word' id='word_1_183' title='bbox 1084 2888 1140 2943; x_wconf 87' lang='lat' dir='ltr'>Nilr</span> <span class='ocrx_word' id='word_1_184' title='bbox 1158 2891 1190 2942; x_wconf 81' lang='lat' dir='ltr'>ia</span> <span class='ocrx_word' id='word_1_185' title='bbox 1205 2887 1333 2942; x_wconf 59' lang='lat' dir='ltr'>malivola</span> <span class='ocrx_word' id='word_1_186' title='bbox 1351 2883 1472 2953; x_wconf 81' lang='lat' dir='ltr'>(Rbcirr-</span> 
     </span>
     <span class='ocr_line' id='line_1_31' title="bbox 159 2973 318 3027; baseline 0 -15"><span class='ocrx_word' id='word_1_187' title='bbox 159 2973 318 3027; x_wconf 68' lang='lat' dir='ltr'>percussero.</span> 
     </span>
    </p>
   </div>
   <div class='ocr_carea' id='block_1_6' title="bbox 165 3043 1470 3190">
    <p class='ocr_par' dir='ltr' id='par_1_12' title="bbox 165 3043 1470 3190">
     <span class='ocr_line' id='line_1_32' title="bbox 236 3043 1470 3118; baseline 0.002 -18"><span class='ocrx_word' id='word_1_188' title='bbox 236 3047 263 3101; x_wconf 92' lang='lat' dir='ltr'>b.</span> <span class='ocrx_word' id='word_1_189' title='bbox 281 3045 460 3103; x_wconf 80' lang='lat' dir='ltr'>Lesurterr.</span> <span class='ocrx_word' id='word_1_190' title='bbox 497 3051 522 3117; x_wconf 89' lang='grc'>9,</span> <span class='ocrx_word' id='word_1_191' title='bbox 544 3052 567 3102; x_wconf 89' lang='grc'><strong>1.</strong></span> <span class='ocrx_word' id='word_1_192' title='bbox 586 3046 700 3102; x_wconf 85' lang='lat' dir='ltr'>attende</span> <span class='ocrx_word' id='word_1_193' title='bbox 717 3044 771 3101; x_wconf 85' lang='lat' dir='ltr'>Ha.</span> <span class='ocrx_word' id='word_1_194' title='bbox 791 3075 825 3087; x_wconf 98' lang='lat'><em>-</em></span> <span class='ocrx_word' id='word_1_195' title='bbox 845 3049 870 3114; x_wconf 84' lang='grc'>9,</span> <span class='ocrx_word' id='word_1_196' title='bbox 889 3048 914 3100; x_wconf 84' lang='grc'><strong>3.</strong></span> <span class='ocrx_word' id='word_1_197' title='bbox 933 3049 1056 3117; x_wconf 88' lang='lat' dir='ltr'>petitura</span> <span class='ocrx_word' id='word_1_198' title='bbox 1074 3047 1127 3103; x_wconf 83' lang='lat' dir='ltr'>Hs.</span> <span class='ocrx_word' id='word_1_199' title='bbox 1156 3077 1188 3088; x_wconf 91' lang='lat'>-</span> <span class='ocrx_word' id='word_1_200' title='bbox 1218 3051 1261 3118; x_wconf 88' lang='grc'>10,</span> <span class='ocrx_word' id='word_1_201' title='bbox 1279 3051 1305 3103; x_wconf 79' lang='lat'>2.</span> <span class='ocrx_word' id='word_1_202' title='bbox 1329 3043 1470 3102; x_wconf 65' lang='lat' dir='ltr'>minuetis</span> 
     </span>
     <span class='ocr_line' id='line_1_33' title="bbox 165 3117 666 3190; baseline -0.002 -17"><span class='ocrx_word' id='word_1_203' title='bbox 165 3117 219 3174; x_wconf 85' lang='lat' dir='ltr'>Hs.</span> <span class='ocrx_word' id='word_1_204' title='bbox 239 3149 273 3158; x_wconf 97' lang='lat'>—</span> <span class='ocrx_word' id='word_1_205' title='bbox 294 3122 337 3188; x_wconf 86' lang='grc'>10,</span> <span class='ocrx_word' id='word_1_206' title='bbox 355 3124 380 3176; x_wconf 78' lang='grc'><strong>4.</strong></span> <span class='ocrx_word' id='word_1_207' title='bbox 400 3120 438 3177; x_wconf 87' lang='lat' dir='ltr'>Et</span> <span class='ocrx_word' id='word_1_208' title='bbox 457 3120 593 3190; x_wconf 84' lang='lat' dir='ltr'>duplicem</span> <span class='ocrx_word' id='word_1_209' title='bbox 612 3117 666 3173; x_wconf 89' lang='lat' dir='ltr'>Hs.</span> 
     </span>
    </p>
   </div>
   <div class='ocr_carea' id='block_1_7' title="bbox 338 3483 1290 3669">
    <p class='ocr_par' dir='ltr' id='par_1_13' title="bbox 338 3483 1290 3669">
     <span class='ocr_line' id='line_1_34' title="bbox 537 3483 1103 3568; baseline -0.004 -18"><span class='ocrx_word' id='word_1_210' title='bbox 537 3487 609 3551; x_wconf 80' lang='lat'><strong>592.</strong></span> <span class='ocrx_word' id='word_1_211' title='bbox 652 3483 705 3550; x_wconf 87' lang='lat' dir='ltr'>Dc</span> <span class='ocrx_word' id='word_1_212' title='bbox 726 3507 751 3550; x_wconf 78' lang='lat' dir='ltr'>s,</span> <span class='ocrx_word' id='word_1_213' title='bbox 776 3485 933 3567; x_wconf 70' lang='lat' dir='ltr'>Gmponlo</span> <span class='ocrx_word' id='word_1_214' title='bbox 954 3490 1103 3568; x_wconf 70' lang='lat' dir='ltr'>martyre.</span> 
     </span>
     <span class='ocr_line' id='line_1_35' title="bbox 338 3598 1290 3669; baseline -0.001 -14"><span class='ocrx_word' id='word_1_215' title='bbox 338 3598 426 3668; x_wconf 83' lang='lat' dir='ltr'>(War</span> <span class='ocrx_word' id='word_1_216' title='bbox 443 3599 610 3656; x_wconf 73' lang='lat' dir='ltr'>Kommercr</span> <span class='ocrx_word' id='word_1_217' title='bbox 628 3601 675 3656; x_wconf 78' lang='lat' dir='ltr'>des</span> <span class='ocrx_word' id='word_1_218' title='bbox 695 3599 817 3656; x_wconf 78' lang='lat' dir='ltr'>Koiaers</span> <span class='ocrx_word' id='word_1_219' title='bbox 834 3599 1011 3668; x_wconf 62' lang='lat' dir='ltr'>Diokletiam</span> <span class='ocrx_word' id='word_1_220' title='bbox 1030 3599 1139 3654; x_wconf 77' lang='lat' dir='ltr'>oerebrt</span> <span class='ocrx_word' id='word_1_221' title='bbox 1157 3603 1183 3655; x_wconf 90' lang='lat'>9.</span> <span class='ocrx_word' id='word_1_222' title='bbox 1201 3599 1290 3669; x_wconf 81' lang='lat' dir='ltr'>Sept.)</span> 
     </span>
    </p>
   </div>
   <div class='ocr_carea' id='block_1_8' title="bbox 170 3718 1409 4726">
    <p class='ocr_par' dir='ltr' id='par_1_14' title="bbox 170 3718 1330 4223">
     <span class='ocr_line' id='line_1_36' title="bbox 170 3718 1246 3804; baseline -0.003 -16"><span class='ocrx_word' id='word_1_223' title='bbox 170 3729 197 3788; x_wconf 91' lang='lat' dir='ltr'>l.</span> <span class='ocrx_word' id='word_1_224' title='bbox 222 3719 610 3804; x_wconf 89' lang='lat' dir='ltr'>Haciudietriumphali</span> <span class='ocrx_word' id='word_1_225' title='bbox 841 3727 870 3788; x_wconf 87' lang='lat'>3.</span> <span class='ocrx_word' id='word_1_226' title='bbox 895 3719 940 3786; x_wconf 87' lang='lat' dir='ltr'>Ut</span> <span class='ocrx_word' id='word_1_227' title='bbox 955 3719 1067 3785; x_wconf 87' lang='lat' dir='ltr'>Helias</span> <span class='ocrx_word' id='word_1_228' title='bbox 1081 3718 1246 3785; x_wconf 89' lang='lat' dir='ltr'>Heliseum</span> 
     </span>
     <span class='ocr_line' id='line_1_37' title="bbox 222 3803 1270 3887; baseline -0.001 -17"><span class='ocrx_word' id='word_1_229' title='bbox 222 3805 271 3871; x_wconf 90' lang='lat' dir='ltr'>De</span> <span class='ocrx_word' id='word_1_230' title='bbox 286 3803 448 3886; x_wconf 90' lang='lat' dir='ltr'>triumpho</span> <span class='ocrx_word' id='word_1_231' title='bbox 465 3805 603 3887; x_wconf 91' lang='lat' dir='ltr'>spiritali</span> <span class='ocrx_word' id='word_1_232' title='bbox 896 3805 1059 3870; x_wconf 82' lang='lat' dir='ltr'>Auimavit</span> <span class='ocrx_word' id='word_1_233' title='bbox 1073 3803 1270 3870; x_wconf 89' lang='lat' dir='ltr'>Dorotheum</span> 
     </span>
     <span class='ocr_line' id='line_1_38' title="bbox 223 3887 1286 3972; baseline -0.001 -18"><span class='ocrx_word' id='word_1_234' title='bbox 223 3889 345 3956; x_wconf 88' lang='lat' dir='ltr'>Nostra</span> <span class='ocrx_word' id='word_1_235' title='bbox 359 3887 494 3972; x_wconf 89' lang='lat' dir='ltr'>plaudat</span> <span class='ocrx_word' id='word_1_236' title='bbox 508 3889 633 3954; x_wconf 88' lang='lat' dir='ltr'>concio:</span> <span class='ocrx_word' id='word_1_237' title='bbox 896 3887 947 3954; x_wconf 78' lang='lat' dir='ltr'>lu</span> <span class='ocrx_word' id='word_1_238' title='bbox 962 3887 1101 3971; x_wconf 92' lang='lat' dir='ltr'>palmam</span> <span class='ocrx_word' id='word_1_239' title='bbox 1116 3889 1286 3954; x_wconf 87' lang='lat' dir='ltr'>victoriae:</span> 
     </span>
     <span class='ocr_line' id='line_1_39' title="bbox 224 3971 1268 4054; baseline -0.003 -15"><span class='ocrx_word' id='word_1_240' title='bbox 224 3975 419 4039; x_wconf 84' lang='lat' dir='ltr'>Revereuter</span> <span class='ocrx_word' id='word_1_241' title='bbox 434 3973 560 4039; x_wconf 84' lang='lat' dir='ltr'>solvens</span> <span class='ocrx_word' id='word_1_242' title='bbox 575 3977 660 4052; x_wconf 71' lang='lat' dir='ltr'>vota</span> <span class='ocrx_word' id='word_1_243' title='bbox 897 3971 1268 4054; x_wconf 80' lang='lat' dir='ltr'>Dignitatesregisvani</span> 
     </span>
     <span class='ocr_line' id='line_1_40' title="bbox 224 4055 1232 4137; baseline -0.001 -16"><span class='ocrx_word' id='word_1_244' title='bbox 224 4057 310 4122; x_wconf 90' lang='lat' dir='ltr'>Puro</span> <span class='ocrx_word' id='word_1_245' title='bbox 326 4058 431 4135; x_wconf 85' lang='lat' dir='ltr'>eorde,</span> <span class='ocrx_word' id='word_1_246' title='bbox 447 4061 553 4122; x_wconf 89' lang='lat' dir='ltr'>mente</span> <span class='ocrx_word' id='word_1_247' title='bbox 569 4061 639 4123; x_wconf 86' lang='lat' dir='ltr'>tota</span> <span class='ocrx_word' id='word_1_248' title='bbox 899 4055 1026 4137; x_wconf 83' lang='lat' dir='ltr'>Sprevit</span> <span class='ocrx_word' id='word_1_249' title='bbox 1041 4055 1232 4121; x_wconf 88' lang='lat' dir='ltr'>Diocletiani</span> 
     </span>
     <span class='ocr_line' id='line_1_41' title="bbox 225 4139 1330 4223; baseline -0.001 -18"><span class='ocrx_word' id='word_1_250' title='bbox 225 4139 312 4205; x_wconf 88' lang='lat' dir='ltr'>Mart</span> <span class='ocrx_word' id='word_1_251' title='bbox 352 4140 547 4223; x_wconf 80' lang='lat' dir='ltr'>‘Gergouia</span> <span class='ocrx_word' id='word_1_252' title='bbox 898 4139 1048 4204; x_wconf 88' lang='lat' dir='ltr'>Laudans</span> <span class='ocrx_word' id='word_1_253' title='bbox 1062 4139 1183 4220; x_wconf 83' lang='lat' dir='ltr'>Regem</span> <span class='ocrx_word' id='word_1_254' title='bbox 1199 4139 1330 4220; x_wconf 83' lang='lat' dir='ltr'>gloriae.</span> 
     </span>
    </p>

    <p class='ocr_par' dir='ltr' id='par_1_15' title="bbox 171 4159 1409 4726">
     <span class='ocr_line' id='line_1_42' title="bbox 171 4159 1409 4306; baseline -0.002 -16"><span class='ocrx_word' id='word_1_255' title='bbox 171 4229 200 4290; x_wconf 83' lang='lat'>2.</span> <span class='ocrx_word' id='word_1_256' title='bbox 226 4159 470 4306; x_wconf 54' lang='lat' dir='ltr'>Muninplures</span> <span class='ocrx_word' id='word_1_257' title='bbox 484 4225 674 4302; x_wconf 83' lang='lat' dir='ltr'>militarunt,</span> <span class='ocrx_word' id='word_1_258' title='bbox 843 4229 872 4288; x_wconf 85' lang='lat'>4.</span> <span class='ocrx_word' id='word_1_259' title='bbox 899 4222 1052 4288; x_wconf 88' lang='lat' dir='ltr'>Membris</span> <span class='ocrx_word' id='word_1_260' title='bbox 1067 4227 1175 4288; x_wconf 88' lang='lat' dir='ltr'>tentus</span> <span class='ocrx_word' id='word_1_261' title='bbox 1190 4223 1223 4288; x_wconf 92' lang='lat' dir='ltr'>in</span> <span class='ocrx_word' id='word_1_262' title='bbox 1237 4223 1409 4288; x_wconf 89' lang='lat' dir='ltr'>tormentis</span> 
     </span>
     <span class='ocr_line' id='line_1_43' title="bbox 226 4304 1342 4389; baseline 0 -17"><span class='ocrx_word' id='word_1_263' title='bbox 226 4307 288 4386; x_wconf 81' lang='lat' dir='ltr'>Qui</span> <span class='ocrx_word' id='word_1_264' title='bbox 307 4315 380 4389; x_wconf 88' lang='lat' dir='ltr'>post</span> <span class='ocrx_word' id='word_1_265' title='bbox 400 4310 553 4374; x_wconf 90' lang='lat' dir='ltr'>mundum</span> <span class='ocrx_word' id='word_1_266' title='bbox 569 4309 796 4375; x_wconf 87' lang='lat' dir='ltr'>conculcarunt</span> <span class='ocrx_word' id='word_1_267' title='bbox 898 4305 1020 4372; x_wconf 86' lang='lat' dir='ltr'>Tantus</span> <span class='ocrx_word' id='word_1_268' title='bbox 1035 4304 1098 4372; x_wconf 85' lang='lat' dir='ltr'>luit</span> <span class='ocrx_word' id='word_1_269' title='bbox 1111 4307 1203 4388; x_wconf 86' lang='lat' dir='ltr'>vigor</span> <span class='ocrx_word' id='word_1_270' title='bbox 1215 4307 1342 4386; x_wconf 87' lang='lat' dir='ltr'>mentis,</span> 
     </span>
     <span class='ocr_line' id='line_1_44' title="bbox 224 4389 1258 4474; baseline -0.001 -17"><span class='ocrx_word' id='word_1_271' title='bbox 224 4391 519 4474; x_wconf 84' lang='lat' dir='ltr'>Atrocimartyrio:</span> <span class='ocrx_word' id='word_1_272' title='bbox 898 4389 945 4455; x_wconf 90' lang='lat' dir='ltr'>Ut</span> <span class='ocrx_word' id='word_1_273' title='bbox 960 4390 1086 4456; x_wconf 87' lang='lat' dir='ltr'>dolores</span> <span class='ocrx_word' id='word_1_274' title='bbox 1101 4391 1258 4456; x_wconf 88' lang='lat' dir='ltr'>vinceret:</span> 
     </span>
     <span class='ocr_line' id='line_1_45' title="bbox 225 4473 1271 4556; baseline 0 -16"><span class='ocrx_word' id='word_1_275' title='bbox 225 4474 605 4542; x_wconf 87' lang='lat' dir='ltr'>Interilloshicathleta</span> <span class='ocrx_word' id='word_1_276' title='bbox 898 4473 973 4540; x_wconf 89' lang='lat' dir='ltr'>Sale</span> <span class='ocrx_word' id='word_1_277' title='bbox 986 4491 1119 4556; x_wconf 89' lang='lat' dir='ltr'>sparsus</span> <span class='ocrx_word' id='word_1_278' title='bbox 1133 4477 1166 4539; x_wconf 89' lang='lat' dir='ltr'>et</span> <span class='ocrx_word' id='word_1_279' title='bbox 1180 4481 1271 4540; x_wconf 89' lang='lat' dir='ltr'>aceto</span> 
     </span>
     <span class='ocr_line' id='line_1_46' title="bbox 225 4557 1331 4642; baseline -0.003 -17"><span class='ocrx_word' id='word_1_280' title='bbox 225 4558 379 4626; x_wconf 89' lang='lat' dir='ltr'>Mundum</span> <span class='ocrx_word' id='word_1_281' title='bbox 394 4559 471 4624; x_wconf 85' lang='lat' dir='ltr'>vicit</span> <span class='ocrx_word' id='word_1_282' title='bbox 485 4563 588 4625; x_wconf 86' lang='lat' dir='ltr'>morie</span> <span class='ocrx_word' id='word_1_283' title='bbox 604 4564 714 4642; x_wconf 88' lang='lat' dir='ltr'>spreta</span> <span class='ocrx_word' id='word_1_284' title='bbox 898 4559 1022 4624; x_wconf 86' lang='lat' dir='ltr'>Poenas</span> <span class='ocrx_word' id='word_1_285' title='bbox 1038 4557 1114 4624; x_wconf 88' lang='lat' dir='ltr'>tulit</span> <span class='ocrx_word' id='word_1_286' title='bbox 1127 4559 1220 4624; x_wconf 81' lang='lat' dir='ltr'>vultu</span> <span class='ocrx_word' id='word_1_287' title='bbox 1234 4559 1331 4637; x_wconf 84' lang='lat' dir='ltr'>laeto,</span> 
     </span>
     <span class='ocr_line' id='line_1_47' title="bbox 227 4641 1326 4726; baseline -0.002 -16"><span class='ocrx_word' id='word_1_288' title='bbox 227 4643 584 4726; x_wconf 83' lang='lat' dir='ltr'>Securusdepraemio.</span> <span class='ocrx_word' id='word_1_289' title='bbox 897 4641 943 4707; x_wconf 92' lang='lat' dir='ltr'>Ut</span> <span class='ocrx_word' id='word_1_290' title='bbox 957 4647 1030 4724; x_wconf 91' lang='lat' dir='ltr'>post</span> <span class='ocrx_word' id='word_1_291' title='bbox 1044 4645 1179 4708; x_wconf 89' lang='lat' dir='ltr'>mortem</span> <span class='ocrx_word' id='word_1_292' title='bbox 1193 4643 1326 4708; x_wconf 82' lang='lat' dir='ltr'>viveret.</span> 
     </span>
    </p>
   </div>
   <div class='ocr_carea' id='block_1_9' title="bbox 0 0 1622 5246">
    <p class='ocr_par' dir='ltr' id='par_1_16' title="bbox 0 0 1622 5246">
     <span class='ocr_line' id='line_1_48' title="bbox 0 0 1622 5246; baseline 0 0"><span class='ocrx_word' id='word_1_293' title='bbox 0 0 1622 5246; x_wconf 95' lang='lat' dir='ltr'> </span> 
     </span>
    </p>
   </div>
  </div>
 </body>
</html>
