3210 5230
712 229 942 293 -5982

447 413 519 476 893.
561 409 671 477 saneta
692 409 856 476 Lamberta‘
877 409 1017 492 episcopi
1037 411 1207 494 sequentia.

178 527 318 598 (Geborcn
336 543 373 583 au
392 525 557 594 Maotricht,
576 529 673 582 warda
691 531 797 581 am17.
817 526 893 595 Sept.
912 527 967 581 408
984 543 1038 582 coa
1057 529 1152 582 scinco
1170 525 1297 581 Fciadea
1320 526 1372 578 nsit
1392 526 1478 579 anem

453 597 644 668 Wursapieaac
663 599 845 666 darchbohrt‚
864 599 975 654 cerchrt
993 615 1038 653 om
1057 603 1100 654 19.
1119 597 1209 666 Sept.)

202 717 227 779 1.
250 710 359 792 Pange
373 727 452 792 syon
467 709 660 792 redemptori
676 709 735 776 sub
749 709 865 776 alterni
880 707 983 775 forma
996 709 1083 775 chori
1099 711 1274 790 gratiarum
1290 727 1398 789 opera.
1585 749 1586 754 κ

200 802 229 861 2.
252 795 371 859 Dulcor
384 793 456 876 piae
472 795 679 876 symphoniae
693 793 889 860 melodorum
905 813 1097 874 organorum
1112 805 1205 874 grata
1220 793 1324 858 solvat
1335 793 1480 876 pignora.
1585 847 1586 860 .

200 885 229 945 3.
253 879 345 946 Votis
361 895 380 941 a
394 878 535 958 tripudio
551 897 614 942 non
629 877 791 944 discordet
805 879 890 944 actio
905 881 1002 944 vitam
1018 897 1130 959 gerens
1145 877 1301 943 stabilem.

199 969 228 1028 4.
252 962 325 1027 Oris
340 961 425 1026 onim
440 961 563 1026 aemula
577 979 676 1042 purae
690 964 807 1028 mentis
823 961 959 1028 formula
973 981 1083 1028 sonum
1099 963 1205 1044 pingit
1218 961 1345 1028 obilem.
1585 1001 1586 1032 y

200 1053 228 1114 5.
251 1045 457 1112 celebremus
479 1045 664 1112 hodiernam
684 1045 767 1112 diem
790 1047 915 1112 scandit
940 1047 980 1111 ad
1006 1064 1176 1128 supernam
1203 1065 1265 1128 qua
1290 1043 1478 1129 Lambertus
1585 1049 1586 1100 3

351 1131 475 1194 atriam.

200 1219 229 1280 6.
252 1151 474 1280 Dumpcruoris
490 1212 560 1278 luso
576 1231 647 1278 rore
663 1213 752 1280 dirae
768 1215 871 1280 carnis
885 1213 926 1279 de
940 1217 1063 1278 tortore
1078 1217 1192 1278 nactus
1208 1217 1258 1278 est
1274 1211 1448 1278 victoriam.

200 1305 217 1363 7
223 1349 229 1363 .
253 1297 313 1375 Qui
329 1298 435 1362 clarus
451 1315 568 1377 genere
583 1299 676 1362 annis
691 1299 767 1363 dum
782 1305 911 1364 tenerae
927 1297 1014 1378 viget
1029 1296 1191 1362 infantiae.

200 1389 230 1447 s.
252 1381 369 1446 Litoris
384 1381 523 1446 traditur
536 1381 614 1445 rivis
629 1381 782 1447 imbuitur
797 1383 896 1448 mirae
910 1382 1069 1447 scientiae.

199 1469 229 1532 9.
251 1465 332 1531 Hinc
348 1483 382 1530 se
395 1464 470 1545 iugo
486 1465 662 1530 diminutus
677 1465 847 1532 ardescens
859 1465 977 1531 Christi
990 1465 1118 1530 subiicit
1133 1465 1208 1530 etin
1222 1481 1312 1530 sacra
1327 1462 1483 1528 radicitus

328 1547 708 1632 doctrinaquiaproficit.
1585 1559 1586 1626 ζ

182 1639 229 1699 10.
252 1633 335 1698 Hinc
359 1631 504 1698 orbatam
530 1631 677 1714 pontifice
702 1631 810 1698 sedem
836 1631 877 1698 ad
901 1631 1152 1699 Traiectcnsium
1182 1637 1273 1698 tanto
1298 1630 1483 1696 functurum
1585 1637 1586 1648 ³

329 1716 420 1798 apice
435 1715 510 1782 cleri
525 1715 625 1782 trahit
640 1717 821 1798 suspirium.

182 1807 228 1882 ll.
251 1799 321 1878 Quo
344 1799 451 1866 throni
477 1800 618 1880 praesidi
646 1818 664 1864 ο
691 1805 837 1866 sanctum
862 1799 922 1865 Dei
948 1801 1126 1883 praesulem
1155 1801 1296 1866 hostium
1325 1799 1485 1864 detractio
1585 1825 1586 1890 3

329 1881 444 1966 fugans
459 1883 537 1949 facit
555 1885 689 1949 exulem.
1585 1919 1586 1962 ς

181 1974 229 2034 12.
253 1968 403 2118 Ὲίαςτυέιι
418 1985 497 2116 ergg
501 1968 641 2066 coelitus
657 1969 767 2034 datum
784 1969 868 2050 gerit
882 1967 1007 2050 patiens
1023 1974 1056 2034 et
1072 1969 1237 2034 sordentes
1248 1968 1390 2033 ambitus
1401 1967 1486 2033 vitat
1585 1981 1586 1984 ’

328 2071 365 2116 or
388 2069 438 2116 em
457 2071 475 2116 0
499 2069 579 2118 rens.
1585 2079 1586 2134 y

182 2140 228 2201 13.
252 2135 352 2218 Rigor
366 2136 533 2201 monastici
547 2135 673 2202 subitur
688 2135 810 2202 ordinis
824 2137 857 2201 in
873 2153 935 2218 quc
948 2136 1114 2218 multiplici
1126 2136 1188 2201 iam
1201 2141 1323 2219 septem
1336 2135 1485 2200 terminis
1585 2145 1586 2152 ’

328 2219 446 2286 virtute
460 2220 580 2286 micuit.

181 2307 228 2368 14.
252 2303 318 2368 Nec
338 2305 425 2370 ultra
445 2303 590 2370 tenditur
608 2301 719 2370 dilatio
742 2303 839 2386 priori
861 2305 1008 2370 redditur
1029 2303 1081 2369 hic
1106 2303 1267 2386 pontificio
1290 2304 1374 2384 quod
1401 2302 1487 2368 alter

327 2387 439 2452 tenuit.
1585 2389 1586 2408 ¹

181 2475 228 2534 15.
252 2470 314 2534 Per
336 2487 430 2552 quom
450 2470 530 2535 fides
550 2471 625 2536 dum
647 2471 794 2536 increscit
814 2477 848 2537 ct
869 2473 1010 2552 maligna
1024 2471 1072 2537 vis
1086 2472 1220 2553 algescit
1234 2471 1356 2554 nephas
1370 2473 1487 2552 ingens
1585 2461 1586 2492 ³

328 2561 441 2620 contra
455 2555 558 2636 legem
574 2574 633 2636 per
647 2555 842 2620 Francorum
858 2561 962 2622 actum
980 2575 1088 2636 regem
1103 2557 1234 2622 molitur
1249 2556 1444 2635 elanguere.
1585 2605 1586 2650 p

181 2641 229 2703 16.
251 2637 393 2704 Hor-tans
407 2639 522 2722 ipsum,
545 2645 582 2705 ut
602 2659 621 2706 a
643 2639 702 2704 tali
723 2639 815 2705 thoro
831 2641 945 2706 cedens
961 2639 1079 2720 illcgali
1100 2639 1206 2706 celebs
1222 2659 1281 2706 sua
1296 2657 1367 2705 cum
1383 2657 1485 2704 uxore
1585 2663 1586 2706 r

328 2725 424 2804 vivat,
441 2743 480 2789 nc
496 2725 539 2789 sit
553 2725 585 2787 in
602 2724 719 2789 rubore
734 2723 909 2790 cohaerens
923 2725 1097 2789 adulterae.
1585 2721 1586 2754 ³

182 2811 228 2871 17.
251 2805 328 2871 Rem
344 2809 433 2873 novit
448 2807 593 2889 alpaidis
609 2813 641 2872 ct
658 2807 821 2872 Dodonem
836 2809 965 2890 perfidis
981 2826 1039 2872 usa
1053 2808 1158 2874 verbis
1172 2807 1282 2872 inficit.

179 2896 228 2954 18.
251 2889 313 2968 Qui
328 2891 488 2956 frendenti
502 2891 607 2957 iaculo
622 2898 768 2956 sanctum
784 2893 815 2955 in
831 2892 959 2958 oraculo
975 2892 1096 2957 fossum
1112 2897 1209 2974 caput
1223 2892 1352 2956 traiicit.

181 2979 227 3038 19.
250 2973 303 3039 Sic
317 2972 401 3040 felici
415 2975 569 3056 martyrio
583 2975 694 3040 mundi
708 2975 872 3040 revincens
886 2993 1003 3058 aspera
1015 2982 1135 3056 martyr
1151 2982 1261 3042 vectus
1277 2994 1348 3041 cum
1363 2975 1484 3056 gaudio

327 3059 409 3122 sacri
425 3063 534 3124 coetus
550 3059 590 3124 ad
605 3058 747 3125 aethera.
1585 3127 1586 3152 χ

177 3145 227 3206 20.
250 3141 340 3206 Binis
363 3143 459 3207 sertis
482 3149 662 3222 coronatur,
685 3142 760 3223 quia
783 3159 878 3206 carne
898 3141 1115 3225 triumphatur
1134 3148 1168 3207 et
1182 3143 1337 3208 talentum
1354 3147 1483 3207 contra·
1585 3191 1586 3214 2

327 3225 428 3290 ditum
444 3225 480 3290 fit
495 3245 566 3291 cum
581 3226 669 3292 lucro
683 3226 868 3307 repositum.

177 3313 226 3372 21.
251 3307 347 3373 Cuius
362 3329 420 3376 nos
435 3310 611 3392 patrocinio
627 3309 742 3374 mentis
757 3309 844 3392 piato
860 3309 940 3374 vicio
955 3315 1137 3376 sanctorum
1153 3311 1362 3377 contubernio
1389 3327 1482 3375 sacra
1585 3301 1586 3334 ³

177 3479 226 3544 22.
251 3411 437 3543 Mortcigniultg
440 3401 528 3560 1peritsll
530 3413 709 3559 ¹ligirlragia
731 3477 874 3561 polorum
897 3477 938 3542 ad
960 3479 1083 3559 palatia
1105 3478 1192 3544 ducti
1207 3479 1281 3546 diva
1296 3478 1480 3560 praesentia
1585 3547 1586 3560 ἦ

326 3561 590 3644 iungemurduce
605 3563 719 3644 gratia.
1585 3571 1586 3598 ¹

570 3817 642 3878 894.
686 3811 739 3880 De
759 3818 868 3878 cando
891 3812 1094 3896 chroaprno.

201 3933 228 3994 l.
252 3927 331 3993 Cum
346 3925 461 3991 fiducia
475 3945 646 4009 pergamus
661 3945 743 3993 nuno
758 3928 798 3992 ad
814 3928 962 3993 thronum
978 3930 1110 4010 gratiae,
1126 3929 1264 4009 gratiam
1284 3933 1321 3993 ut
1334 3930 1479 4010 acquira-
1585 3905 1586 3960 Ὗ

326 4029 397 4076 mus
413 4017 446 4076 et
460 4013 634 4093 condignas
650 4011 888 4078 valeamusDeo
903 4013 1015 4077 laudes
1030 4011 1124 4076 hodie
1138 4012 1216 4076 dare
1227 4013 1267 4077 de
1275 4013 1477 4096 Hieronymo.

199 4100 228 4160 2.
252 4093 326 4160 Vita
341 4097 438 4162 verbo
453 4097 507 4176 qui
522 4097 712 4162 monstravit
726 4098 819 4176 viam,
836 4115 918 4177 quae
932 4096 972 4160 ad
988 4096 1123 4179 patriam
1139 4095 1252 4175 tendit,
1276 4115 1371 4178 quam
1388 4115 1478 4178 prae-

327 4179 512 4260 ambulavit,
535 4186 571 4246 ut
590 4197 760 4263 sequamur
782 4199 838 4245 nos
860 4182 984 4246 vocavit
1008 4197 1115 4245 veram
1131 4179 1215 4244 laeto
1231 4181 1365 4261 gloriam
1382 4188 1418 4246 ut
1431 4182 1477 4245 in-

327 4267 578 4329 tremusanimo.
1393 4309 1395 4312 -

201 4351 228 4411 3.
253 4345 359 4411 Sacris
374 4364 445 4411 cum
459 4348 634 4429 virginibus
650 4347 739 4428 virgo
762 4347 812 4411 hic
828 4345 1040 4428 Hieronymus
1060 4346 1093 4411 in
1115 4365 1189 4412 vase
1212 4349 1348 4432 sumpsit
1363 4349 1476 4424 oleum,

329 4433 365 4493 ut
380 4439 488 4511 posset
502 4432 548 4496 sic
563 4434 596 4496 in
611 4432 762 4510 gaudium
778 4447 848 4495 cum
864 4432 990 4496 domino
1004 4433 1134 4496 intrare.

200 4523 229 4582 4.
252 4512 418 4595 Virginum
434 4514 667 4596 praefulgidam
682 4519 791 4596 portat
805 4533 887 4579 nunc
903 4515 1065 4579 aureolam
1080 4521 1214 4581 cantans
1230 4535 1369 4598 carmen,
1393 4513 1477 4598 quod

327 4599 475 4666 omnibus
491 4617 554 4664 non
568 4597 642 4662 licet
656 4597 712 4662 scd
728 4597 904 4680 virginibus
919 4597 1086 4666 dumtaxat
1101 4601 1281 4668 decantare.
