3186 5254
688 301 919 368 ..430-

596 481 668 548 721.
710 475 764 546 De
783 499 810 546 s.
835 475 1019 548 meatu.

180 620 208 682 1.
240 611 352 680 Lunds
365 613 456 697 plebs
469 611 612 680 Alsutius
626 612 797 694 dominum,

239 695 334 764 Solve
346 697 432 762 vocis
447 703 480 763 et
494 696 599 764 cordis
615 715 651 762 or
673 715 779 778 unum,

240 779 273 848 Si
287 781 350 848 sois
365 779 479 862 dignus
493 779 604 846 laudes
619 715 716 862 suive,

238 862 400 942 Quantum
414 869 505 948 potes
520 869 646 930 tuntum
659 865 761 946 volve,

238 947 309 1026 Quo
324 948 394 1014 leus
408 947 504 1030 plens
516 947 660 1032 prodeat.

176 1054 205 1116 2.
239 1045 360 1114 Sonent
374 1047 498 1115 rondes
512 1065 650 1116 musore
663 1049 827 1130 mentium,

236 1129 375 1198 Pisudst
388 1132 526 1216 populus
540 1132 681 1216 undique
695 1133 839 1218 gentium

236 1215 275 1282 In
288 1215 348 1282 huo
363 1215 416 1282 die
430 1215 594 1299 singulari,

236 1297 283 1364 Ut
297 1297 501 1367 Theobuldus
516 1301 663 1370 venusti

236 1384 264 1449 Α
278 1384 346 1450 suis
361 1383 475 1452 velent

173 1490 202 1552 3.
235 1483 299 1551 Sed
314 1501 396 1566 quus
411 1501 502 1552 mens
516 1486 634 1568 poterit
649 1484 821 1570 concipere,

236 1567 297 1632 Vel
310 1583 424 1634 vocum
438 1567 575 1635 modulis
588 1567 697 1650 lingua
710 1573 866 1650 retexere,

235 1650 382 1718 Lsudum
396 1652 567 1734 praeconis
581 1650 757 1719 Theobuidi
772 1651 902 1720 dicere?

234 1735 304 1802 Iste
317 1753 405 1804 meus
419 1734 578 1802 meditans
592 1736 704 1817 nequit
717 1735 870 1804 sufficere.

172 1845 202 1905 4.
232 1834 352 1919 Illspss
365 1835 499 1902 coelitus
514 1835 623 1902 divina
636 1837 751 1918 gratis,

233 1921 361 1986 Arcem
374 1919 466 2003 pueri
479 1919 621 1988 lustrans
635 1917 830 2003 praecordis,

234 2000 257 2069 S
280 2021 391 2070 emere
405 2002 514 2070 docuit
526 2004 637 2070 mundi
650 2005 816 2072 mendacis

262 2091 278 2152 t
292 2087 332 2152 ed
347 2088 501 2169 perennis
514 2087 646 2154 tendere
660 2088 788 2169 gaudis.

170 2195 200 2256 t.
229 2185 306 2254 Mox
320 2186 388 2253 zelo
402 2185 477 2253 fidei
492 2192 580 2254 totus
594 2187 789 2268 seesuditur,

231 2273 261 2337 Δ
275 2269 500 2352 temporalium
515 2289 624 2337 umore
637 2271 781 2351 solvitur,

230 2353 294 2437 Spe
309 2370 521 2434 supernorum
534 2354 627 2420 eride
646 2355 797 2436 tonditur,

230 2437 274 2504 Et
288 2436 455 2503 eharitatis
470 2435 598 2503 dsmms
610 2436 823 2520 pertunditur.

169 2543 198 2606 6.
230 2538 313 2606 Num
327 2534 534 2604 fundamento
549 2538 705 2604 virtutum
719 2539 824 2624 posito

230 2619 387 2689 Aedificat
400 2621 516 2690 mentis
531 2621 696 2704 proposito

228 2705 359 2790 Septem
372 2705 528 2772 columnis
542 2721 639 2788 super
655 2703 804 2788 imposito

227 2789 334 2874 Opere
347 2790 438 2870 miro,
454 2789 569 2856 desere
584 2788 747 2873 disposito.

167 2899 195 2958 1.
229 2891 282 2960 Sic
296 2889 477 2973 septenario
491 2905 622 2956 munero
640 2889 805 2973 praeditus

232 2973 426 3041 Artemius
441 2977 492 3038 est
506 2977 593 3039 totus
608 2973 747 3054 deditus,

232 3058 366 3125 Ouruem
382 3061 415 3122 et
428 3056 587 3124 aemulum
602 3058 736 3125 coluerit
749 3057 878 3140 penitus

231 3141 461 3226 Mundumque,
476 3141 590 3225 spiritu
604 3141 673 3208 Deo
688 3143 863 3223 regenitus.

167 3247 199 3310 ἃ
230 3241 368 3309 Puteme
382 3257 538 3323 respuens
553 3240 651 3308 soluti
668 3239 765 3307 dubis

228 3325 349 3392 Horret
361 3325 528 3408 proposita
541 3325 603 3392 sibi
617 3323 784 3406 connubio,

231 3411 351 3476 Cuncta
366 3409 529 3476 declinans
543 3408 662 3476 saeculi
678 3407 779 3488 deris,

232 3493 392 3560 Christum
409 3494 613 3576 prosequitur
627 3491 739 3574 regula
753 3489 893 3574 praevie.

168 3601 197 3662 9.
228 3593 297 3660 Hes
311 3595 497 3660 immutatus
513 3599 601 3660 reste
617 3591 769 3659 essuries

230 3677 273 3741 Et
287 3677 464 3742 honestetis
480 3675 621 3742 vestibus
635 3677 753 3752 tunice,

230 3761 309 3826 Cum
326 3761 392 3824 Deo
406 3762 529 3841 gratior
543 3759 599 3824 illu
614 3761 657 3824 sit
671 3759 773 3834 unies,

228 3843 383 3911 Mandata
396 3851 511 3910 cuuctu
523 3842 647 3926 perficit
662 3841 829 3910 dominius.

148 3947 196 4010 10.
228 3941 314 4023 Pius,
330 3941 480 4027 prudens,
495 3942 632 4024 humilis,
647 3941 783 4023 sobrius,
798 3938 941 4024 pudicus

227 4025 361 4108 Largius,
375 4043 496 4108 amens,
511 4026 633 4106 hilaris,
648 4043 824 4112 pauperum
838 4024 969 4104 amicus,

228 4109 388 4176 Vitiorum
403 4111 543 4177 omnium
557 4111 658 4178 durus
671 4109 829 4184 inimicus,

227 4191 340 4260 Gumis
353 4191 431 4259 flore
444 4195 537 4260 rituit
550 4213 630 4278 puer
643 4199 677 4260 et
697 4191 858 4275 antiquus.

146 4296 196 4358 11.
227 4290 385 4374 Imitetur,
399 4294 572 4360 seminator
585 4293 914 4371 omniumvirtutum,

226 4373 386 4456 Indigenti
401 4394 464 4442 non
477 4377 598 4459 petenti
613 4377 727 4444 tribuit
741 4377 782 4446 ed
796 4381 919 4456 nutum,

226 4458 400 4540 Largitute,
415 4459 581 4540 charitate,
596 4463 765 4527 sanctitate
777 4461 898 4543 plenus,

225 4541 330 4612 Decus
344 4560 478 4624 morum,
492 4543 572 4610 odor
585 4541 709 4626 dorum,
723 4543 872 4612 hortulus
886 4558 1048 4612 umosnus.
