3266 5222
752 287 981 350 -248—

512 471 583 532 344.
626 449 796 549 Sequentia
808 467 845 532 do
859 467 976 532 sanctis
992 465 1223 532 Innocentibus.

628 581 743 650 (Auctor
766 588 810 638 est
827 582 935 638 Notlrer
952 583 1105 652 Balbulus.l

236 709 263 769 l.
286 704 372 768 Laus
386 699 609 850 tississhriste,
625 701 679 782 qui
692 702 822 768 humilis
836 703 930 767 homo
947 704 1065 768 mundo
1087 719 1245 785 apparens
1265 701 1396 769 abiecta
1412 701 1537 766 mundi

362 804 399 852 co
437 803 503 882 grs3

234 875 264 936 2.
286 871 347 948 Qui
363 877 436 952 gret
436 869 501 934 iam
516 875 605 934 tuam
620 887 719 950 nsque
735 870 799 935 ad
790 887 854 935 rma
868 870 1084 952 vilissimaque
1099 869 1250 951 porrigis;

235 961 264 1023 3.
287 955 348 1033 Qui
362 953 524 1050 paruulus,
546 971 585 1017 ne
607 953 734 1034 ornando
755 953 813 1018 tibi
827 955 981 1020 miracula
996 953 1103 1018 desint
1117 953 1233 1032 divim
1260 969 1332 1017 mox
1347 953 1535 1034 parvulum

364 1039 449 1119 cogis
464 1036 506 1102 ad
521 1037 603 1102 bella
618 1055 700 1102 nova
715 1037 857 1102 militem.

234 1131 265 1192 4.
286 1123 387 1202 Quem
407 1121 503 1203 pugio
526 1138 675 1186 coruscus
695 1139 757 1186 uon
779 1125 899 1187 terreat
918 1139 1020 1204 neque
1039 1121 1150 1187 laudes
1172 1120 1349 1186 omnimode
1372 1122 1433 1186 vel
1451 1138 1534 1204 opes

365 1223 471 1272 omnes
486 1221 506 1270 a
521 1209 587 1269 stat
588 1223 608 1268 u
624 1205 739 1270 mentis
754 1205 900 1269 molliant
886 1209 909 1270 t.

234 1297 263 1356 5.
286 1291 365 1368 Quis
390 1305 454 1354 non
478 1289 520 1354 ad
546 1289 650 1352 sinum
675 1294 824 1369 properet
848 1295 949 1368 tuum,
979 1287 1115 1369 Christe,
1140 1290 1194 1369 qui
1218 1288 1258 1354 de
1282 1287 1411 1368 virgine
1436 1289 1534 1354 nasci

361 1372 471 1438 volens
485 1371 569 1436 huuc
583 1370 716 1452 gradum
732 1372 934 1437 sacraveras?

235 1461 263 1522 6.
286 1459 336 1523 An
361 1456 538 1607 {omudgatis
562 1455 703 1537 praecini
728 1454 879 1536 dignatus
904 1473 939 1520 es
965 1473 1019 1521 ore
1041 1457 1157 1522 viduae
1177 1456 1444 1537 continentisque
1469 1455 1533 1521 viri

385 1558 442 1605 ene
465 1555 515 1603 ιιι.

235 1631 263 1690 7.
286 1623 346 1702 Qui
367 1623 492 1690 iuvenis
512 1621 669 1704 baptizari
688 1627 857 1688 contentus
876 1641 896 1686 ι
916 1623 1030 1688 iuvene
1052 1623 1112 1689 tibi
1127 1623 1251 1703 devoto,
1272 1622 1369 1688 etiam
1385 1629 1453 1689 tuo
1470 1625 1530 1688 ad·

360 1712 458 1774 ventu
472 1707 636 1771 honorasti
650 1707 790 1788 nuptias.

232 1795 262 1856 8.
284 1791 440 1874 Martyrio
465 1791 595 1858 idoneos
620 1791 675 1872 qui
699 1789 801 1856 fecisti
827 1789 975 1870 pusiones
1000 1792 1173 1872 vagientes,
1198 1797 1235 1856 ut
1221 1790 1364 1856 tadhnc
1389 1791 1529 1858 lactans

361 1877 534 1942 lactantem
549 1875 684 1942 haberes
700 1877 872 1940 exercitum

232 1965 261 2026 9.
284 1959 345 2037 Qui
360 1979 378 2026 ι
379 1959 541 2042 tingratis
556 1963 701 2041 praestes
716 1957 861 2039 gratiam
877 1961 910 2022 et
925 1959 1174 2025 recedentest
1125 1978 1145 2024 a
1159 1962 1192 2024 te
1207 1976 1347 2038 revoces

214 2048 261 2108 10.
284 2044 423 2109 Nuncet
409 2049 562 2125 tsemper
577 2043 647 2108 laus
662 2043 731 2120 tibi,
747 2041 883 2107 Christe.

284 2167 309 2206 a.
328 2151 420 2206 Teat.
456 2152 541 2205 Mons
559 2151 611 2205 No
631 2153 683 2206 642
703 2151 738 2219 (3,
758 2151 811 2218 34.)
830 2165 897 2204 aas:
933 2149 987 2204 Hs.
1014 2166 1051 2204 ιι
1073 2149 1113 2204 St.
1134 2149 1234 2206 Galum
1252 2149 1304 2206 No.
1325 2153 1426 2220 sstup
1430 2153 1527 2205 .173.

211 2225 263 2279 mit
280 2221 407 2278 Νιιιιιιι
426 2223 535 2293 (A)-
502 2221 705 2290 -Schnbiger
723 2221 775 2276 No.
795 2223 819 2276 6.
841 2219 938 2275 oCod.
958 2221 1075 2276 Einsidl
1095 2222 1141 2276 Fr.
1164 2223 1259 2292 1.(11).

282 2310 308 2365 b.
328 2307 514 2364 Losortcn.
551 2311 576 2362 8
595 2309 701 2364 lactens
720 2309 867 2363 lactentem
886 2309 977 2364 Mone.
996 2310 1104 2366 lactans
1122 2311 1271 2365 lectantem
1289 2309 1346 2364 AB.

283 2412 305 2452 o.
324 2395 479 2452 Bemerlc.
519 2395 606 2450 Ueber
626 2396 678 2450 das
697 2395 896 2467 Rhytbmisobe
915 2401 963 2452 etc.
983 2399 1091 2466 sprictt
1110 2397 1228 2452 Bartsch
1247 2396 1274 2452 8.
1294 2401 1336 2450 10.
1356 2397 1399 2450 25.
1418 2399 1466 2451 61.
1478 2396 1523 2448 82,

760 2645 958 2655 ι-....-.....-...--.

580 2846 650 2906 345.
692 2839 744 2905 De
772 2841 889 2907 sanctis
917 2839 1147 2906 Innocentibns.

624 2959 740 3028 (Auctor
759 2965 803 3015 est
822 2959 928 3016 Notlrer
947 2959 1099 3028 Balbulus.)

234 3078 260 3136 1.
282 3069 414 3136 Blandis
429 3067 557 3134 vocibus
571 3069 646 3134 laeti
661 3070 857 3136 celebremus
873 3071 1026 3136 solemnia
1040 3069 1209 3136 salvatoris
1224 3067 1344 3133 honore
1364 3065 1485 3131 debito.

231 3161 259 3219 2.
283 3153 372 3231 Quae
385 3153 523 3219 Herodis
538 3153 671 3218 saevitia
685 3171 742 3235 per
755 3153 886 3220 infanda
901 3161 956 3237 pat
942 3156 1040 3220 ttravi
1027 3155 1186 3236 tproelia.

230 3245 259 3304 3.
280 3237 372 3302 Furit
386 3237 468 3302 host
446 3243 487 3302 trs
501 3237 714 3320 impiissimus
729 3243 799 3302 arte
813 3242 880 3302 mot
883 3256 919 3302 us
932 3237 1099 3318 impudent
1086 3237 1210 3304 tissime

230 3327 259 3387 4.
283 3321 460 3402 Stravitag
440 3339 531 3385 curen
547 3339 623 3386 nece
638 3320 770 3398 fervida,
786 3339 880 3401 super
895 3321 1008 3386 sidera.

230 3411 258 3473 5.
282 3403 437 3472 Oflebilis
453 3404 598 3470 omnibus
614 3409 690 3485 gent
676 3405 762 3469 tibus
777 3422 882 3482 caussa
905 3423 987 3486 quae
1000 3410 1068 3469 tum
1084 3412 1151 3470 mat
1152 3423 1222 3470 rum
1237 3401 1378 3468 turbavit
1393 3399 1510 3466 ubera!

229 3494 258 3555 6.
280 3489 419 3556 Laetitia
433 3490 488 3556 sed
503 3489 577 3553 indo
592 3487 717 3570 superis
734 3487 837 3552 choris
853 3505 949 3570 super
962 3495 1051 3554 astra
1066 3489 1191 3554 ‹levenit
1178 3485 1342 3569 tplacida

231 3579 259 3640 7.
282 3571 425 3652 Quorum
440 3575 607 3639 creverunt
621 3588 713 3636 sacre
730 3570 826 3636 milia.

228 3662 258 3723 8.
280 3657 403 3724 Horum
418 3675 501 3754 nunc
515 3656 547 3720 in
563 3655 696 3722 excelsis
710 3655 895 3735 precatibus
910 3662 1028 3737 nostra,
1045 3655 1149 3722 salvat
1150 3673 1195 3737 or,
1215 3655 1285 3720 dolo
1301 3652 1493 3737 peccamina,
1608 3679 1609 3712 l

230 3746 259 3809 9.
282 3739 343 3818 Qui
358 3741 417 3807 tibi
432 3740 517 3807 vocis
532 3759 595 3804 non
610 3737 721 3818 officia,
1608 3733 1609 3808 l

210 3831 259 3890 10.
283 3824 346 3890 Sed
361 3825 525 3906 sanguinis
539 3823 600 3888 lusi
615 3822 736 3889 dabant
751 3823 868 3902 munia,

210 3915 257 3972 ll.
280 3907 420 3986 Quorum
435 3927 518 3974 nuno
532 3907 672 3990 psallent
658 3906 797 3972 tuentes
783 3913 854 3973 tera
868 3913 942 3988 prot
944 3913 1019 3989 egat
1033 3925 1099 3973 nos.
1129 3905 1274 3972 Alleluia.
1608 3935 1609 3976 l

277 4015 418 4071 Τιι.ιιι
454 4015 613 4071 MorelNo.
633 4014 822 4070 2198111.
842 4031 907 4070 aas:
927 4013 979 4070 Hs.
999 4014 1510 4084 ιι8ιθα11ιιΝι.546(Βιιιι(1ιι)
1608 4013 1609 4050 l

206 4086 252 4141 Bt.
263 4089 305 4140 61.
324 4088 376 4142 mit
394 4087 454 4142 dem
464 4087 550 4142 Titcl:
567 4087 610 4142 Dc
629 4087 814 4141 sanctissimis
834 4086 1026 4144 innocentibus
1045 4088 1139 4156 pueris
1159 4087 1215 4142 alia
1233 4085 1510 4156 pulchrasequentia
1608 4095 1609 4112 ³

206 4158 360 4214 beatissimi
378 4157 497 4214 Notlreri
516 4159 704 4226 Cognomento
724 4157 834 4211 Balbuli
852 4156 925 4212 tituli
945 4157 1061 4225 Pascha,
1081 4159 1151 4212 oboe
1169 4157 1299 4211 Melodie.

208 4318 269 4372 101
277 4242 512 4372 bi2gel'g4mlc36
518 4245 604 4300 Uobcr
623 4247 675 4302 dos
694 4245 895 4316 Rbytbmisobe
913 4237 961 4300 ιιι.
982 4247 1090 4315 spricbt
1109 4243 1277 4300 Bartsth.
1296 4249 1322 4299 8.
1342 4249 1385 4299 21.
1405 4248 1447 4300 31.
1466 4247 1509 4299 88.

765 4543 961 4552 W*-
