3190 5226
714 258 925 321 ..42-

186 441 216 503 ὅ.
238 436 303 504 Sed
318 437 419 502 oritur
433 436 527 502 stella
541 436 658 515 lueida,
673 436 859 520 praebitura
872 436 1008 502 Domino
1023 434 1186 517 obsequia,

186 525 215 586 6.
238 521 343 598 Quum
357 519 490 587 Balaam
505 539 545 586 ex
558 519 690 586 Iudaica
704 521 859 586 orituram
874 519 999 586 dixerat
1012 519 1170 602 prosapia.

187 611 215 672 7.
236 605 326 672 Haeo
340 621 506 687 magorum
521 605 629 670 oeulos
645 602 820 688 fulguranti
833 603 951 670 lumine
965 603 1172 686 praestrinxit
1185 601 1345 686 providos,

185 693 215 756 8.
237 691 341 771 Atque
355 688 442 772 ipsos
455 690 585 771 praevia
599 689 641 755 ad
656 688 776 756 Christi
791 687 950 754 cunabula
963 686 1112 770 perduxit
1125 687 1232 754 lueida

186 777 215 839 9.
238 771 413 838 Olierentes
427 773 497 854 regi
511 791 634 852 aurum,
650 773 725 839 thus
740 777 772 838 et
786 773 946 856 myrrham
960 790 1101 836 munera.

167 863 216 924 10.
237 857 311 940 Ipsa
326 857 382 923 sed
396 863 504 924 tamen
517 858 661 941 mysticis
675 876 739 924 non
752 862 862 923 carent
875 873 1009 922 munera
1022 854 1148 938 figuris:

167 945 216 1006 11.
237 943 359 1007 Aurum
373 947 411 1006 ut
423 942 501 1024 regi,
518 941 592 1007 thus
605 947 642 1006 ut
657 941 726 1008 Deo
741 946 774 1007 et
787 959 903 1023 magno
918 937 1056 1006 offerunt
1073 939 1242 1020 sacerdoti,

166 1030 215 1096 12.
237 1025 342 1108 Atque
356 1025 518 1108 myrrham
532 1025 566 1091 in
580 1025 787 1108 sepulturam.

234 1149 260 1188 a.
279 1131 375 1189 reat.
411 1133 499 1190 Neela
516 1151 543 1204 p.
553 1136 614 1190 262.
634 1151 700 1190 aas:
720 1135 850 1192 (llichtov.
859 1132 959 1190 Daniel
967 1133 1002 1204 V,
1014 1136 1073 1189 180.
1092 1133 1143 1188 isat
1152 1133 1206 1188 den
1224 1131 1357 1186 Teatuus
1365 1131 1472 1188 Neale.

163 1293 191 1351 N
225 1222 260 1348 lb.
279 1220 463 1278 Lesarteu.
502 1225 525 1276 1.
544 1223 634 1293 „Dedi
652 1222 789 1293 valent,
808 1237 860 1292 pro
878 1221 1102 1293 praevalent,
1127 1227 1159 1276 ut
1176 1225 1319 1277 constaret
1335 1224 1470 1275 metrum.

192 1308 224 1350 oa
236 1309 260 1349 e.

235 1398 259 1436 c.
277 1379 429 1436 Bemerk.
466 1379 597 1452 „Bea'dea
624 1381 722 1453 Eingu
775 1383 836 1436 aad
852 1381 1041 1450 detrimenta,
1063 1380 1155 1452 findet
1173 1379 1234 1436 auh
1251 1377 1418 1448 verdoppelt
1436 1379 1472 1432 in

164 1453 215 1508 der
233 1452 359 1522 Sequens
377 1453 465 1520 Quem
483 1469 540 1510 non
557 1453 720 1524 praevalent
755 1454 782 1506 a·
800 1453 850 1509 der
866 1453 1144 1523 oertdltaisemdasig
1161 1451 1272 1508 kleinea
1279 1449 1393 1505 Ansam
1412 1465 1471 1504 oon

163 1525 225 1580 oter
242 1523 522 1594 Doppeloarriloein.“
557 1525 677 1581 Bartsch
694 1524 723 1580 S.
741 1527 786 1580 29.

377 1716 428 1778 30.
471 1709 515 1776 In
535 1711 777 1781 translationem
797 1715 896 1780 triton
917 1711 1042 1796 Regum
1062 1716 1255 1778 sauctorum

187 1845 215 1909 1.
233 1842 395 1909 Maiestati
410 1851 634 1911 sacrosanctae
859 1849 888 1911 6.
907 1843 1339 1922 AbHelenaeruxinventa,

233 1928 376 1995 Militans
390 1945 462 1993 eum
476 1929 695 2012 triumphante
906 1929 995 1996 Haeo
1009 1928 1121 1994 eadem
1135 1933 1210 2012 post
1222 1928 1347 1992 intenta

234 2011 519 2077 lubileteoelesia:
907 2012 1146 2096 congregandis
1159 2011 1304 2094 regibus:

233 2093 286 2160 Sic
300 2101 447 2160 versetur
463 2096 533 2161 laus
546 2096 580 2162 in
595 2114 659 2179 ore,
907 2097 1013 2180 Reges
1027 2097 1104 2163 olim
1118 2095 1280 2180 peregrini

235 2179 284 2246 Ne
299 2177 466 2246 fraudetur
481 2197 535 2245 cor
550 2197 675 2262 sapore,
908 2181 1158 2248 Ornanturbem
1173 2178 1375 2248 Constantini

235 2263 305 2343 Quo
320 2264 470 2345 degustet
485 2264 599 2330 dulcia
906 2265 1024 2331 Allatis
1040 2265 1237 2349 corporibus.

185 2348 215 2411 2.
234 2347 358 2412 Novam
372 2349 458 2430 parit
471 2349 562 2430 virgo
576 2347 710 2430 prolem,
860 2351 889 2415 7.
909 2349 1052 2416 Tandem
1067 2350 1142 2415 inde
1157 2355 1233 2416 sunt
1246 2346 1407 2426 translati,

233 2431 359 2498 Novum
374 2433 767 2515 monstratstellaaolem,
908 2433 1128 2500 Commendati
1143 2431 1275 2511 civitati,

234 2515 614 2600 Curruntadpraesepia
907 2516 1259 2584 CuinomenAmbria:

232 2599 339 2682 Reges
353 2599 440 2682 magi
455 2606 488 2666 et
502 2619 565 2666 non
578 2602 661 2683 vagi,
907 2601 970 2666 Ter
984 2603 1139 2678 inventos,
1154 2607 1205 2666 ter
1219 2597 1393 2665 translatos

234 2683 299 2750 Sed
313 2683 444 2766 prosagi
459 2685 601 2767 gaudent
614 2685 667 2768 agi
845 2757 846 2762 ,
906 2685 968 2750 Dei
982 2691 1063 2752 nutu
1077 2687 1139 2752 sibi
1154 2685 1247 2752 datos

234 2769 355 2836 Stellae
369 2769 440 2834 luce
455 2771 595 2850 praevia.
909 2769 994 2836 Colit
1007 2771 1065 2835 hos
1082 2768 1222 2838 Colonia.

186 2851 215 2915 3.
233 2852 343 2918 Trium
357 2871 469 2934 regrum
484 2853 603 2919 trinum
616 2870 743 2934 munus,
859 2851 888 2918 8.
906 2853 1005 2920 Ortus
1020 2853 1110 2920 dedit
1124 2851 1290 2930 occidenti,
1574 2921 1575 2928 χ

235 2937 382 3003 Christus
397 2937 490 3002 horno
505 2937 593 3002 Deus
608 2954 702 3018 unus,
908 2935 1001 3016 Quod
1016 2943 1083 3004 tres
1096 2955 1189 3020 reges
1203 2943 1253 3003 ter
1265 2933 1386 3002 inventi

233 3019 349 3086 Trinua
364 3021 397 3086 in
412 3022 602 3088 substantia.
907 3021 1066 3088 Excolunt
1082 3019 1258 3088 Coloniam:

234 3105 323 3170 Deus
339 3105 442 3170 trinus
457 3105 490 3170 in
504 3105 661 3188 personis,
907 3106 1076 3186 Nunquam
1091 3105 1196 3172 loeurn
1209 3105 1374 3186 mutaturi,

234 3189 397 3255 Adoratur
411 3191 515 3256 tribus
529 3191 632 3271 donia,
908 3189 975 3256 Nec
988 3195 1026 3255 ut
1040 3191 1115 3256 olim
1129 3190 1289 3256 reversuri

234 3272 325 3339 Unus
339 3275 372 3340 in
388 3275 535 3340 essentia.
908 3275 990 3340 Sunt
1003 3293 1060 3358 per
1074 3277 1157 3340 viam
1173 3273 1279 3340 aliam.

186 3359 216 3424 4.
235 3355 399 3440 Myrrham
411 3357 526 3440 ierunt,
537 3359 613 3424 thus
625 3362 658 3424 et
668 3376 791 3440 aurum,
860 3351 890 3423 9.
910 3357 1027 3424 Colunt
1040 3377 1134 3442 reges
1150 3362 1283 3442 propter
1296 3371 1416 3438 regem,

234 3440 311 3507 Plus
322 3447 492 3525 pensantes
502 3461 598 3525 quarn
610 3442 793 3509 thesaurum
909 3443 1030 3509 Summi
1045 3441 1131 3525 regis
1146 3446 1274 3510 servent
1287 3441 1391 3522 legem

234 3525 368 3623 Typum,
384 3527 444 3593 sub
460 3545 523 3609 quo
539 3528 673 3594 veritas:
909 3526 1020 3592 Coloni
1035 3527 1204 3593 Coloniae:

235 3607 312 3675 Tne
327 3611 419 3692 dona,
436 3617 503 3676 tres
518 3609 649 3692 figurae,
908 3611 974 3676 Nos
988 3611 1020 3676 in
1035 3609 1097 3676 tide
1112 3629 1223 3678 sumus
1237 3610 1307 3689 rivi,

234 3693 304 3759 Rex
318 3695 351 3760 in
366 3713 454 3775 auro,
470 3695 558 3760 Deus
573 3695 677 3776 thure,
908 3695 952 3760 Hi
967 3701 1041 3760 sunt
1055 3694 1160 3764 sontes
1175 3692 1338 3780 primitivi,

234 3777 273 3842 In
288 3779 418 3860 myrrha
431 3777 621 3844 mortalitas.
910 3779 1061 3846 Gentium
1076 3779 1244 3863 primitiae.

186 3854 217 3924 5.
235 3860 351 3928 Thuris
368 3863 445 3927 odor
460 3863 631 3942 Deitatem,
841 3855 889 3924 10.
909 3860 958 3928 Tu
972 3881 1030 3929 nos
1046 3865 1086 3930 ab
1102 3863 1171 3943 hae,
1187 3863 1324 3940 Christe,
1342 3857 1425 3924 valle

235 3945 314 4010 Auri
329 3945 478 4027 splendor
493 3947 685 4028 dignitatem
908 3945 979 4012 Due
992 3948 1034 4013 ad
1049 3948 1148 4014 uitam
1164 3953 1251 4014 recto
1267 3944 1347 4010 ealle

234 4029 365 4110 Regalis
379 4031 559 4116 potentiae;
710 4063 713 4070 ⁴
909 4030 971 4096 Per
985 4031 1098 4097 horum
1114 4031 1275 4114 suffragia,

234 4112 367 4195 Myrrha
381 4131 454 4178 earo
469 4115 566 4179 verbo
583 4119 692 4197 nupta,
908 4113 974 4181 Ubi
988 4115 1104 4196 Patris,
1120 4117 1177 4182 ubi
1191 4118 1240 4181 tui

236 4197 719 4280 Perquodmanetineorrupta
908 4199 952 4264 Et
965 4201 1083 4266 amoris
1098 4201 1182 4265 sacri
1197 4198 1261 4265 irui

238 4280 555 4348 Garooarenscarie.
909 4282 1218 4366 Mereamurgloria.

236 4406 261 4444 a.
281 4388 377 4446 Text.
415 4390 494 4446 Text.
514 4406 571 4460 aeq.
591 4390 645 4460 (Δ).
682 4389 761 4446 Mira.
780 4389 875 4446 colon.
897 4393 965 4448 root
984 4391 1037 4460 (Β).

236 4462 261 4516 b.
281 4459 466 4516 Lesurten.
503 4465 528 4533 a,
547 4465 572 4518 8.
591 4463 681 4518 trinus
701 4461 880 4520 subsistantia
896 4461 931 4518 A.
950 4491 985 4503 -
1004 4465 1030 4532 9,
1049 4465 1075 4518 2.
1095 4469 1209 4520 servant
1226 4463 1305 4518 A.-
1323 4463 1365 4530 10,
1383 4461 1410 4515 2.
1429 4457 1467 4514 ri·

164 4537 222 4589 trun
240 4547 306 4588 vero
325 4547 348 4586 e.
366 4533 400 4590 A.

236 4619 260 4674 o.
278 4602 434 4662 Remeat.
471 4603 531 4662 Dee
549 4605 612 4661 drot
628 4609 722 4662 oraton
739 4602 836 4660 Zeila
852 4621 875 4659 a.
893 4601 950 4662 No.
969 4607 1030 4663 590.
