3234 5246
715 287 948 354 -410-

187 479 215 540 5.
241 471 352 538 Vinxit
366 487 477 536 conam
492 473 743 550 matranorum,

244 556 375 622 Lumbis
391 553 486 620 ierris
502 553 639 637 plumbis

242 639 381 706 Marcuit
395 641 428 704 in
443 637 582 704 femore:

241 722 677 804 fflmfflfflmffle

243 808 342 873 Mirus
357 815 477 872 mortes
493 807 580 871 diras
596 807 696 872 fortes

243 892 383 958 Pertulit
397 893 430 956 in
445 908 582 956 nemore.

189 981 218 1068 6ὅ
244 975 271 1043 0
287 993 383 1057 quam
397 974 516 1040 crebris
532 974 685 1040 mortibus

243 1059 397 1126 Pretiosis
412 1057 553 1126 fortibus

245 1143 326 1211 Prae
341 1145 408 1208 suis
424 1141 623 1210 consortibus

245 1227 286 1293 Se
302 1225 521 1294 mortificavit:

244 1312 316 1379 Non
330 1317 499 1378 maneatur
515 1309 623 1392 gladio

243 1398 354 1478 Neque
368 1413 501 1462 currens
515 1395 549 1460 in
566 1391 671 1460 stadio

244 1480 271 1548 0
286 1498 382 1562 quam
397 1499 477 1562 puro
492 1478 582 1544 radio

244 1564 400 1630 Mundum
415 1562 600 1630 illustravit.

189 1647 218 1706 7·
245 1648 282 1714 ln
297 1649 408 1714 labore
423 1665 494 1712 oum
509 1646 625 1712 sudore

244 1729 317 1798 Toti
332 1731 451 1797 mundo
467 1731 506 1796 de
520 1727 679 1812 profundo

244 1815 346 1882 Fonte
360 1817 482 1882 fructus
499 1813 622 1882 attulit:

245 1900 325 1966 Cum
339 1899 505 1983 scripturis
520 1905 554 1964 et
567 1896 679 1979 liguris

245 1982 488 2051 Transierendis
504 1987 537 2048 et
552 1980 704 2047 docendis

246 2068 384 2136 Cunctas
398 2070 481 2134 vires
497 2066 641 2134 eontulit.

261 2174 355 2232 Teaet.
392 2176 471 2232 Miss.
490 2174 585 2232 Calon.
607 2177 684 2230 tuot.

859 475 889 536 8.
915 469 942 538 0
958 487 1054 556 quam
1069 468 1294 553 permagnifico

915 554 1039 622 Labore
1054 552 1210 622 irnctiiico

916 637 1074 722 Floreque
1088 637 1221 704 mirifico

915 723 954 788 ln
969 731 1046 804 agro
1063 721 1220 788 dominico

917 806 1043 872 Sudans
1059 807 1266 889 germinavit:

916 890 1066 956 Summus
1081 891 1132 956 hio
1146 889 1328 957 christicola

917 974 1036 1040 Fidelis
1051 974 1190 1055 agricola

917 1058 981 1141 Spe
995 1058 1145 1126 robustus
1159 1059 1264 1125 incola

917 1143 1059 1210 Futurus
1074 1143 1224 1209 coelicola

919 1226 1069 1294 Gaudens
1085 1227 1263 1308 emigravit.

861 1307 890 1368 9·
917 1311 1003 1393 Ergo
1018 1310 1130 1377 laudm
1145 1312 1307 1377 armoniae

917 1395 1017 1461 Laeta
1032 1401 1163 1461 cantent
1176 1397 1209 1460 in
1224 1396 1284 1460 hae
1299 1393 1351 1459 die

917 1478 1065 1544 Thronus
1081 1482 1183 1545 trinae
1197 1477 1398 1544 hierarchiae

917 1563 1007 1630 Tono
1022 1580 1148 1646 qnoque
1163 1563 1361 1644 simphoniae

917 1647 1035 1713 Noster
1049 1647 1163 1713 chorus
1179 1647 1306 1712 iubilet:

917 1731 1001 1796 Dum
1016 1735 1049 1796 ta
1064 1738 1187 1815 patrem
1206 1747 1407 1806 veneramur,

918 1815 1012 1893 Voto,
1029 1833 1105 1880 voce
1121 1816 1339 1898 deprecamur,

917 1897 962 1964 Ut
977 1899 1052 1964 dnm
1067 1917 1192 1965 sursum
1209 1897 1419 1977 destinamur,

917 1981 986 2048 'lua
1001 1999 1096 2066 prece
1112 1983 1298 2067 dirigamur,

918 2065 967 2132 Ne
981 2084 1040 2132 nos
1056 2066 1190 2134 daemon
1208 2067 1340 2132 nubilet.

622 2400 692 2460 605.
736 2395 788 2462 De
809 2416 835 2462 s.
857 2395 1062 2480 Hieronymo.

193 2539 221 2598 1.
246 2530 345 2597 Iubar
360 2545 476 2594 novum
490 2527 639 2608 radiavit,

248 2613 403 2681 Mundum
418 2611 545 2694 quando
561 2611 736 2680 illustravit

246 2699 368 2766 Beatus
386 2695 617 2780 Hieronymus:

246 2784 347 2850 Rivus
362 2779 499 2846 lundens
514 2781 576 2846 mel
592 2779 740 2861 dulcoris,

247 2868 349 2949 Vigor
363 2865 504 2931 candens
519 2866 616 2945 intus,
632 2863 720 2946 ioris,

248 2951 376 3016 Virtute
394 2949 626 3031 magnanimus.

194 3127 222 3185 2.
248 3117 309 3184 Hic
325 3117 485 3183 Iohannes
500 3121 551 3183 est
565 3119 717 3200 baptista,

248 3203 352 3268 David
367 3219 494 3284 qnoque
511 3202 678 3268 citharista

157 3345 166 3358 .
249 3285 394 3352 Psallens
408 3285 539 3352 laudum
555 3287 694 3352 cantica:

249 3369 366 3437 Clausa
381 3389 439 3454 per
453 3370 537 3436 huno
550 3375 747 3446 reserantur,

250 3455 369 3536 Sparsa
385 3456 503 3538 passim
519 3455 710 3538 adunantur,

250 3539 335 3605 Voce
350 3543 443 3604 tonat
457 3539 584 3604 coelica.

194 3714 223 3774 3.
250 3703 377 3772 Sclavia
392 3705 476 3770 huno
488 3705 608 3788 genuit,

249 3791 352 3856 Roma
367 3807 493 3871 quoque
511 3791 629 3870 docuit,

248 3873 414 3941 Bethleem
429 3873 616 3939 tumulavit:

249 3959 452 4040 Leonemqne
467 3957 600 4037 domuit,

248 4042 368 4108 Hostes
385 4041 504 4108 Christi
520 4041 645 4122 terruit,

250 4125 339 4192 Vitia
354 4125 535 4193 debellavit.

194 4299 224 4360 4.
249 4291 375 4374 Dogma
390 4295 512 4377 spernit
528 4291 698 4374 Ciceronis,

249 4377 366 4444 Libros
382 4379 504 4462 spernit
520 4386 552 4445 et
566 4378 720 4456 Platonis,

251 4459 397 4545 Spondet
411 4481 502 4530 sacra
515 4463 632 4542 legere.

265 4577 291 4618 a.
311 4561 406 4618 Text.
441 4562 519 4620 Miss.
537 4561 663 4632 Magoni.
684 4565 762 4618 1507.

866 2533 895 2594 5.
923 2531 961 2596 ln
977 2527 1103 2594 deserto
1118 2528 1315 2612 scorpiorum

921 2613 1033 2680 Comes
1048 2618 1119 2678 erat
1132 2618 1166 2677 et
1180 2612 1357 2687 brutorum,

921 2697 959 2764 ln
975 2697 1062 2763 coelo
1078 2695 1315 2762 sanctissimus:

922 2781 1058 2847 Carnem
1070 2779 1135 2846 urit
1146 2781 1224 2847 solis
1238 2779 1343 2859 ardor,

921 2867 1019 2948 Viget
1033 2871 1142 2930 tamen
1156 2867 1272 2930 mentis
1290 2863 1410 2930 candor

920 2949 1051 3016 Buliens
1065 2949 1212 3015 interius.

867 3034 895 3095 6.
922 3033 1013 3099 Cutis
1027 3039 1101 3099 usta
1115 3034 1198 3115 tegit
1217 3051 1301 3112 ossa,

922 3117 1042 3182 Laetus
1057 3121 1147 3183 extat
1161 3123 1267 3182 terrae
1283 3115 1378 3197 fossa,

922 3201 1030 3267 Vincit
1044 3217 1171 3266 carnem
1186 3201 1335 3284 spiritns:

922 3285 949 3352 0
964 3283 1164 3367 praeclarum
1179 3286 1438 3366 instrumentum,

921 3369 995 3436 Tibi
1010 3387 1072 3434 non
1087 3374 1137 3436 est
1151 3387 1210 3452 par
1223 3369 1397 3452 inventum,

922 3452 971 3519 Tu
985 3452 1152 3520 doctorum
1166 3453 1331 3518 maximus.

868 3535 897 3595 7·
924 3537 1139 3618 Angustinnm
1159 3537 1295 3604 docuisti

922 3621 1031 3688 Prima
1045 3621 1107 3702 die,
1123 3639 1187 3704 qua
1201 3621 1310 3688 vidisti

923 3705 1050 3772 Claram
1067 3706 1127 3772 Dei
1141 3703 1272 3772 laciem:

923 3791 1003 3858 Tres
1018 3789 1186 3856 deiunctos
1201 3789 1365 3858 suscitasti

924 3871 1164 3956 Defunctosque
1180 3872 1348 3958 extirpasti

923 3958 1127 4024 Haereticam
1142 3960 1274 4026 rabiem.

868 4037 898 4098 8·
924 4041 1011 4124 Ergo
1026 4043 1104 4109 Sion
1118 4043 1216 4110 landa
1234 4059 1353 4124 regem,

924 4125 986 4204 Qui
1001 4125 1102 4193 edidit
1116 4126 1176 4193 tibi
1192 4128 1296 4209 legem

924 4209 1043 4277 Christi
1057 4229 1115 4292 per
1130 4209 1374 4294 Hieronymum:

924 4293 1044 4360 Laudis
1059 4311 1188 4360 carmen
1202 4313 1321 4360 novum
1327 4313 1449 4444 ¹pange,

926 4376 1039 4445 Carnis
1054 4377 1173 4446 fastum
1187 4383 1313 4444 terrens
1340 4396 1448 4462 range,

924 4461 1046 4545 Optans
1059 4461 1155 4530 finem
1170 4463 1327 4530 ultimum.
1363 4465 1475 4530 huten.

264 4650 292 4706 b.
310 4649 493 4706 Leoartea.
530 4654 556 4708 4.
575 4649 648 4708 Hier
661 4649 794 4720 salutm
817 4649 907 4706 Verte.
