3234 5246
659 261 888 325 -365-

128 450 159 512 8.
186 445 301 511 Pastor
314 445 405 524 bone,
422 444 480 511 flos
495 445 661 526 minorum,
856 445 901 512 Ut
916 446 1036 512 carnali
1051 463 1113 526 qua
1129 460 1298 526 gravamur

186 529 247 594 Via
261 529 347 596 vitae
361 547 395 595 es
411 537 597 596 cunctorum
858 529 1015 612 Gumpede
1032 529 1305 608 sieubselvamur,

182 614 302 678 Ductor
318 613 502 695 dogmatum
519 633 666 680 verorum
859 613 904 680 Ut
919 615 1015 680 soluti
1031 612 1264 680 transferamur

184 695 249 762 Fae
264 703 391 779 pertua
406 699 538 763 merita:
857 699 906 764 hd
923 699 1001 764 coeli
1017 699 1145 782 palatia.
1176 701 1285 762 Arnen.

197 821 222 860 a.
241 805 333 860 Text.
370 807 449 861 litias.
468 805 546 862 fratr.
566 807 653 863 Paris.
675 811 751 862 1520.

197 895 224 950 b.
242 893 380 951 Leeart.
417 899 442 966 6,
464 894 549 971 nist
568 897 622 950 wol
639 895 753 951 reducta
771 913 808 950 aa
825 895 906 951 leae-ra

506 1143 577 1206 527.
619 1139 671 1208 De
691 1163 716 1205 s.
739 1141 880 1208 Butuldo
901 1147 1050 1222 ararlpre.

127 1253 208 1322 (Geb.
227 1271 265 1308 zu
283 1253 528 1311 Sidemuanuland
546 1257 577 1310 in
594 1256 751 1326 Sebruedeu,
771 1257 840 1311 lebte
858 1258 899 1311 im
918 1257 1049 1325 Ausanpe
1068 1255 1114 1309 dee
1134 1257 1176 1308 12.
1190 1253 1301 1320 Jahrb,
1321 1254 1429 1308 uerelrrt

504 1343 548 1381 aut
565 1331 609 1382 28.
627 1327 697 1384 Juli.
717 1359 749 1369 -
769 1329 797 1383 S.
816 1329 886 1384 noch
904 1327 959 1381 No.
976 1329 1050 1395 789.)

132 1454 159 1512 1.
187 1447 274 1512 Coeli
290 1446 405 1514 chorus
421 1453 491 1514 estu
506 1451 658 1530 gaudens,
859 1451 895 1514 In
911 1450 1018 1514 radice
1036 1448 1179 1512 caritatis

187 1531 369 1596 Oullaetare
384 1533 477 1598 simul
492 1533 647 1615 plaudens
861 1535 948 1600 Onus
964 1533 1052 1598 laxat
1066 1531 1266 1614 paupertatis

187 1616 303 1681 Guneie
318 1614 475 1680 fidehum:
861 1619 1021 1700 Spargeus
1037 1614 1261 1696 eleemosynas,

187 1699 256 1764 Noe
270 1699 382 1780 iustae,
398 1700 447 1765 vir
460 1699 632 1782 perfectus,
803 1708 833 1768 4.
861 1703 931 1766 Non
947 1706 996 1766 est
1011 1699 1101 1764 dulor
1116 1717 1219 1780 neque
1235 1700 1350 1776 luctus,

189 1783 257 1848 Dea
272 1783 402 1865 placens
418 1789 451 1848 et
465 1785 601 1850 dilectus
860 1783 924 1851 Ubi
940 1783 1046 1848 dulces
1062 1784 1156 1848 metis
1170 1781 1293 1848 fruetus

187 1867 574 1947 Pausatpostdiluviurn.
859 1866 1196 1947 haberanssgricola:

134 1955 163 2014 2.
191 1951 292 2033 Super
308 1951 393 2032 Syna
409 1957 552 2018 sanctum
566 1959 706 2018 montern
860 1951 1003 2030 Quicum
1019 1949 1146 2016 Christo
1162 1950 1327 2032 gloriatur,

186 2033 325 2100 Deitatis
340 2041 473 2116 gustans
488 2037 608 2102 fontem
861 2037 993 2117 Angelis
1011 2035 1190 2100 associatur

187 2119 303 2201 Implet
318 2117 526 2185 desiderium:
861 2121 1027 2188 Gloriosus
1042 2118 1155 2184 incola.

186 2203 237 2268 Ad
252 2207 385 2268 aeterna
399 2205 461 2270 iam
478 2203 623 2269 ascendit
805 2205 832 2266 5.
862 2207 928 2270 Rex
943 2205 1086 2286 benigne,
1103 2202 1177 2267 Iesu
1192 2201 1282 2278 bone,

187 2287 306 2362 Enoch,
322 2286 426 2353 David
440 2288 653 2372 apprehendit
840 2325 845 2334 ·
860 2289 889 2352 N
892 2307 926 2354 es
942 2287 1073 2354 Botuidi
1087 2285 1138 2352 iae
1155 2303 1290 2350 coronae

187 2371 325 2436 Honoris
341 2369 516 2452 fastigium.
860 2373 945 2438 Fieri
963 2371 1153 2454 participes:

132 2459 159 2518 3.
186 2455 247 2520 Hic
262 2457 420 2522 convertit
434 2460 616 2539 peccatores
860 2455 906 2521 Ut
922 2472 1078 2537 supernae
1094 2453 1233 2520 civitatis

186 2537 368 2618 Aberrare,
386 2545 633 2606 sanetosmores
701 2573 706 2582 ·
860 2541 1047 2604 Eraltemus
1063 2557 1134 2602 eum
1148 2537 1254 2604 beatis

187 2621 299 2704 Docet,
314 2623 441 2690 salvans
456 2625 595 2690 animas:
860 2624 1019 2689 Perennes
1035 2623 1220 2705 participes.

199 2747 224 2786 a.
244 2731 338 2786 Τρωὶ.
375 2733 475 2788 Daniel
493 2732 526 2800 V,
545 2735 599 2788 280
618 2749 651 2788 ex
670 2731 746 2788 Miss.
766 2731 927 2802 Strengensi
946 2731 1085 2802 (erbecae
1104 2733 1192 2800 1487),
1221 2725 1431 2793 Ecclesiulogist

129 2802 252 2858 xcvlll.
272 2803 331 2858 oct.
352 2807 429 2860 1853.
448 2821 474 2873 p.
493 2807 554 2859 354.

201 2891 226 2946 b.
245 2889 433 2947 Leaartea.
469 2895 494 2961 2,
513 2893 538 2946 5.
557 2892 589 2945 In
608 2890 717 2946 Missali
736 2890 895 2958 Upsaliensi
914 2891 1018 2960 (lblah
1037 2887 1081 2946 Ad
1101 2897 1216 2946 aeterna
1234 2889 1288 2942 iarn
1307 2883 1433 2940 ascendit

130 2963 238 3032 Martyr
256 2963 347 3019 laetus
366 2963 558 3034 apprehendit.

679 3132 741 3138 ----
746 3131 877 3138 ———

482 3247 552 3307 528.
594 3241 648 3307 De
669 3261 694 3307 s.
713 3239 905 3308 Burclaurdo
928 3241 1080 3321 episcopo.

130 3359 209 3428 (θεῖ).
229 3359 260 3412 ln
278 3356 420 3428 Eapland,
438 3373 501 3412 uam
518 3358 556 3412 bl.
574 3356 747 3424 Bandusiae
767 3360 817 3411 741
837 3373 901 3411 zum
919 3357 1042 3424 Bisaltas
1057 3373 1112 3412 sorr
1133 3355 1289 3424 Wiirsburp
1306 3355 1432 3424 peweiltt,

489 3435 557 3499 pest.
576 3433 602 3484 9.
621 3427 704 3482 Febr.
724 3431 784 3498 752,
804 3431 914 3484 verebrt
932 3433 974 3482 14.
995 3427 1070 3496 Olet.)

157 3553 182 3610 l.
217 3542 338 3610 Psallat
352 3542 435 3608 laete
450 3543 538 3607 orbis
553 3547 663 3607 enatus
678 3546 805 3608 sacrata
818 3541 881 3608 fide
895 3542 1049 3624 repletae,

215 3628 319 3694 Fulsit
333 3645 371 3691 ex
386 3644 448 3707 quo
463 3627 592 3708 praesul
606 3626 668 3691 iste
682 3625 751 3706 tibi,
767 3625 903 3706 Christe,
918 3631 993 3692 voto
1008 3627 1122 3692 laetus.

154 3718 182 3778 2.
217 3711 279 3794 Spe
295 3709 449 3776 mercedis
463 3715 573 3776 tantae
588 3709 673 3775 sedis
690 3710 813 3775 eulmen
829 3711 966 3791 sumpsit
980 3711 1153 3792 pastoralis
1168 3707 1283 3784 oneris,

214 3796 252 3860 In
268 3813 331 3877 qua
345 3795 407 3860 rite.
423 3799 553 3859 sanetae
567 3794 653 3858 vitae
669 3796 830 3876 exemplar
845 3795 936 3859 duxit
951 3797 1068 3860 sacrati
1085 3793 1230 3860 numinis.

153 3887 182 3946 3.
217 3878 404 3945 Omiranda
418 3879 520 3943 virtus
537 3876 664 3956 Christi,
680 3895 762 3958 quae
776 3878 997 3943 Burehardum
1012 3880 1102 3945 iubet
1116 3877 1186 3944 sisti

215 3963 425 4028 Praesulatus
439 3963 577 4028 statione
592 3963 638 4028 sie
651 3981 710 4044 pro
733 3961 839 4027 betica
855 3980 1006 4029 sermone.

153 4053 183 4113 4.
217 4047 312 4113 Hune
326 4047 374 4111 vir
389 4047 447 4112 Dei
462 4045 698 4127 contemplatus
712 3983 898 4112 honilaeius
914 4049 946 4110 et
961 4046 1006 4111 sie
1021 4045 1121 4111 latur:

216 4133 330 4197 Virum
345 4130 615 4197 contubernialem
629 4130 717 4195 misit
731 4131 822 4195 nubis
837 4129 923 4195 Deus
937 4131 1044 4195 talem.

155 4221 183 4280 5.
217 4217 322 4296 aquo
337 4213 419 4280 ovile
434 4213 551 4280 subtile
565 4214 598 4278 in
612 4214 837 4295 Herbipoleusi
855 4214 933 4278 urbe

216 4299 311 4364 Hune
324 4300 370 4363 sie
383 4299 451 4380 regi
466 4301 498 4364 et
514 4298 628 4378 subegi
643 4298 739 4364 debet
754 4297 928 4364 catholicae
943 4297 1065 4362 turbae.

155 4389 183 4452 6.
218 4383 320 4449 Nobis
347 4383 442 4448 datus
467 4382 519 4447 hie
543 4381 718 4466 praelatus,
744 4385 826 4448 riam
848 4382 933 4447 vitae
958 4381 1044 4464 capit
1065 4381 1125 4446 rite
1147 4397 1254 4446 veram
1273 4379 1365 4444 nubis
1385 4378 1433 4444 iu·

216 4549 260 4615 Et
286 4472 479 4701 melleet&
500 4552 650 4618 vitiorum
679 4560 737 4635 pe'r
765 4551 919 4617 virtutum
949 4554 1074 4618 scutum
1101 4553 1205 4616 tutum
1231 4565 1312 4613 unus
1336 4563 1434 4626 grave

324 4653 363 4702 su
397 4651 500 4703 erare.
