3218 5234
700 397 931 462 -150—

238 579 331 634 Text.
367 579 451 634 Mane
470 581 495 647 2,
513 581 557 634 24.
584 595 655 634 aur:
681 577 733 634 Ha.
761 579 813 635 No.
832 581 904 636 2888
930 595 968 634 ru
986 578 1222 648 Pommerafelden
1248 578 1293 633 bei
1320 576 1467 648 Besalem,

165 657 209 707 15.
227 651 327 708 Jourl.
363 650 429 706 Das
447 649 521 704 Licd
538 651 589 706 lact
607 650 672 706 dort
691 655 708 704 7
726 651 873 720 Stroplren.
892 680 927 692 —
948 651 1048 706 Daniel
1067 650 1101 720 V,
1113 653 1171 706 165.
1190 651 1241 706 aar
1260 647 1402 706 ‹10on
1414 664 1467 706 aaa

165 725 257 780 Mona.
278 755 310 766 -
330 722 410 779 Stelrt
429 722 502 778 ancl
519 725 558 778 im
578 722 643 779 God.
663 723 689 780 S.
709 723 780 780 Gall.
799 725 852 778 546
871 721 1026 793 (Brunder).

481 1005 550 1066 188.
593 998 636 1064 Io
657 999 708 1065 dle
735 999 996 1084 suncuflcutionie
1016 999 1159 1067 Marta.

166 1139 193 1198 l.
218 1133 320 1199 Adest
335 1133 403 1199 dies
418 1152 481 1216 quo
497 1133 643 1200 firmatur

220 1217 300 1300 Spes
315 1218 482 1299 promissa,
498 1223 532 1283 et
545 1219 681 1284 miratur

218 1301 322 1368 Coelio
338 1302 552 1369 admirabilis:

220 1385 303 1451 Olim
318 1387 387 1452 visa
401 1387 433 1450 in
448 1387 613 1468 prophetis

218 1469 262 1534 Et
276 1477 426 1536 contenta
440 1471 474 1536 in
489 1471 626 1536 decretis

217 1553 350 1619 Petrum
365 1561 398 1620 et
411 1554 621 1638 praenuntiis,

162 1717 190 1775 2.
218 1703 306 1780 Quae
321 1724 341 1770 a
355 1705 477 1771 cunctis
496 1706 705 1788 collaudatur,

216 1788 298 1856 Nam
313 1789 435 1855 Mariae
450 1789 617 1857 dedicatur

215 1873 293 1939 Dies
309 1873 388 1939 haec
403 1876 567 1943 amabilis:

216 1956 318 2034 Quam
333 1959 489 2040 profunde
506 1959 706 2025 admirantur

130 2081 134 2088 -
216 2041 325 2120 Terra,
342 2048 467 2124 pontus,
483 2049 516 2108 et
530 2051 688 2110 novantur

215 2125 264 2190 Ex
278 2127 397 2192 virtute
413 2125 565 2208 Virginis.

161 2289 189 2348 3.
214 2275 306 2340 Hanc
321 2275 375 2339 lux
390 2293 467 2342 vera
481 2281 514 2341 et
529 2277 640 2361 sophia

214 2359 271 2424 Pie
285 2357 416 2424 firmans
431 2361 465 2424 in
480 2360 539 2426 hac
553 2363 607 2427 via

213 2443 338 2510 Lucens
354 2449 429 2510 ante
444 2445 586 2510 saecula:

214 2529 262 2594 De
276 2546 341 2610 qua
355 2527 442 2594 intur
480 2529 635 2612 rophetia‚

212 2612 421 2678 Praedicator
438 2548 479 2678 αξ
494 2612 567 2679 Elia

214 2697 320 2763 Parva
333 2698 393 2764 sub
409 2698 576 2764 nubecula.

157 2859 187 2916 4.
213 2847 256 2912 Et
271 2865 353 2928 quae
366 2849 430 2914 ista
444 2849 488 2915 sit
501 2850 645 2932 praelata

212 2933 322 2997 Rebus
337 2933 470 3012 cunctis,
485 2940 518 2999 et
533 2939 646 3000 ornata

212 3017 312 3098 Virgo
326 3015 513 3083 ineffabilis:

212 3099 297 3166 Vere
310 3101 389 3166 haee
405 3107 455 3166 est
469 3105 572 3166 mater
585 3107 688 3185 grata,

212 3183 270 3249 (lui
286 3183 373 3250 nulla
387 3191 573 3266 comparata

210 3267 328 3335 Exstat
341 3269 375 3334 in
388 3269 573 3336 iuvenculis.

155 3425 184 3485 5.
212 3418 289 3485 Sion
304 3423 336 3485 et
351 3417 430 3485 haec
448 3419 641 3502 colliguntur

209 3505 307 3569 Plene
321 3509 355 3570 et
369 3505 573 3587 reperiuntur

209 3587 295 3654 Luca
310 3593 343 3652 et
356 3587 507 3654 historia:

860 1143 889 1202 7.
908 1131 961 1200 Sic
972 1151 1031 1216 per
1046 1135 1113 1198 Ave
1128 1135 1298 1214 salutatur,

908 1219 1131 1300 Dispensatur‚
1146 1216 1357 1284 foecundatur

907 1303 1052 1384 Desuper
1067 1321 1087 1368 a
1101 1301 1239 1384 Spiritu:

907 1385 1034 1453 Montes
1049 1387 1205 1452 scandens
1219 1387 1371 1468 agitatur,

906 1470 1055 1536 Nondum
1069 1476 1165 1536 natus
1179 1471 1362 1553 gratulatur

905 1553 943 1619 In
957 1552 1079 1620 Mariae
1095 1555 1195 1620 aditu.

856 1645 886 1707 8.
905 1637 1010 1704 Deum
1024 1639 1109 1721 parit
1123 1638 1217 1706 homo
1234 1643 1320 1720 nata

904 1721 1032 1788 Patrem
1047 1741 1156 1788 verum
1172 1723 1250 1788 haec
1264 1723 1360 1789 baala

904 1803 980 1872 Ullo
995 1807 1117 1888 absque
1131 1807 1226 1872 vitio:

904 1892 1002 1972 Auro,
1017 1891 1147 1974 myrrha
1162 1897 1195 1956 et
1209 1889 1374 1974 probatur,

903 1975 1010 2040 Thure
1027 1975 1113 2042 claro
1128 1980 1299 2041 veneratur

902 2059 992 2124 Fidei
1008 2059 1109 2125 initio.

854 2148 883 2212 9.
903 2143 1022 2224 Regem
1038 2160 1168 2208 servans
1182 2141 1337 2224 templum
1351 2141 1441 2207 vadit

902 2227 947 2292 Et
961 2227 1150 2310 Aegyptum,
1166 2227 1222 2292 ubi
1237 2225 1324 2292 cadit

902 2311 1065 2378 Idolorum
1081 2311 1198 2376 scoria:

901 2394 1007 2476 Redit,
1023 2401 1099 2461 nato
1114 2413 1187 2462 mor
1202 2393 1345 2468 orbatur,

900 2478 1060 2562 Nuptialis
1078 2479 1260 2545 consolatur

901 2563 967 2630 Sua
982 2563 1159 2630 clementia.

834 2651 881 2714 10.
900 2648 973 2713 Iesu
987 2646 1097 2714 adstat
1110 2645 1269 2726 crucifixo,

900 2731 980 2797 Esse
994 2732 1095 2798 scissa
1109 2732 1143 2797 in
1157 2729 1279 2797 confixo

901 2815 1027 2882 Amoris
1041 2813 1230 2882 visceribus:

900 2900 944 2965 Et
958 2901 1161 2982 congaudens
1176 2895 1357 2980 resurgenti

899 2983 981 3050 Filio
997 2989 1030 3050 et
1043 2983 1227 3050 ascendenti

899 3067 1033 3150 Angelis
1048 3067 1266 3152 psallentibus.

831 3155 879 3220 11.
898 3151 950 3218 Sic
964 3157 1152 3236 exspectans
1167 3149 1396 3234 repromissum

899 3235 1054 3320 Spiritum
1068 3255 1089 3301 a
1103 3235 1200 3302 Patre
1214 3235 1345 3302 missurn

897 3321 1029 3387 Doridis
1046 3321 1232 3388 coenaculo:

895 3405 1032 3470 Domum
1046 3409 1149 3471 mater
1163 3408 1254 3470 astra
1267 3402 1401 3482 scandit

896 3489 1007 3559 Nostri
1020 3507 1143 3554 memor
1155 3505 1266 3572 preces
1281 3485 1395 3572 pandit

894 3574 969 3640 lesu
983 3591 1041 3638 suo
1055 3571 1130 3638 filio.

207 3669 269 3737 Per
284 3689 379 3752 quam
394 3672 500 3736 cuncti
514 3671 709 3752 imbuuntur,
828 3656 875 3724 12·
895 3657 977 3723 Nam
993 3675 1027 3724 se
1041 3661 1177 3724 matrem
1192 3655 1253 3722 scit
1271 3655 1453 3721 amborum:

209 3755 385 3821 Credentes
399 3761 433 3820 et
446 3755 621 3822 fulciuntur

208 3840 323 3906 Matris
339 3857 395 3922 per
409 3839 572 3905 miracula.

153 3998 180 4056 6.
207 3991 290 4056 Eece
305 3991 394 4056 cuius
409 3991 571 4057 muniatur

206 4075 335 4150 Fertne,
351 4081 384 4139 et
399 4073 616 4141 sanctificatur

205 4158 319 4224 Matris
335 4157 462 4223 clausus
480 4165 586 4224 utero:

205 4243 291 4309 Nata
306 4247 418 4308 sancta
432 4245 640 4308 conversatur

206 4327 299 4392 Circa
313 4325 475 4408 ternplum,
491 4332 525 4391 et
538 4333 683 4393 sacratur

204 4412 327 4477 Domus
340 4409 401 4474 Dei
415 4409 505 4475 Filio.

895 3740 948 3808 Sic
962 3743 1097 3808 alutem
1113 3741 1310 3822 angelorum,

894 3825 1065 3892 Permanet
1077 3831 1111 3892 et
1124 3825 1324 3904 miserorum,

893 3911 1073 3992 Pauperuur
1087 3915 1121 3975 et
1135 3907 1350 3992 orphanorum

892 3993 931 4058 In
945 3993 1064 4059 mundo
1078 3993 1223 4059 uberius:

893 4075 940 4142 Ut
953 4083 987 4143 et
1001 4077 1078 4161 ipsis
1093 4077 1149 4143 det
1162 4075 1310 4142 laborum

891 4161 1011 4227 Loculo
1025 4179 1160 4243 regnum
1180 4161 1351 4240 coelorum,

893 4245 936 4310 Et
949 4245 991 4311 ad
1006 4245 1098 4312 sedes
1113 4246 1287 4310 electorum

891 4329 1057 4396 Ducentur
1072 4333 1105 4396 et
1118 4329 1286 4395 beatorum

891 4413 958 4481 Piis
972 4416 1038 4480 suis
1054 4413 1210 4498 precibus.

219 4518 315 4578 rear.
350 4517 452 4574 Daniel
472 4518 506 4588 V,
525 4521 585 4575 881.
606 4535 673 4574 aas:
691 4519 900 4594 Ecclesiolcgist
918 4523 946 4580 0.
965 4523 1048 4580 Febr.
1068 4525 1145 4579 1884.
1164 4539 1191 4595 p.
1211 4526 1254 4580 ³0.

701 4693 899 4718 nuda-q...-
