3186 5254
582 315 814 382 -tto-

27 507 68 566 6.
100 494 204 579 Virgo
219 493 282 579 pia,
296 493 457 576 miserere,
721 503 751 566 7.
776 495 842 562 Ora
855 495 958 563 Deum
971 513 1030 578 pro
1044 499 1184 578 pacantis

101 579 361 647 Hacinvianon
374 585 475 658 tuere,
775 581 902 648 Nostris
915 581 1004 646 fonte
1018 581 1156 662 pietatis,

102 663 587 736 Creatorvotumolroritotum
774 663 821 730 Ut
836 670 965 748 pertua
982 665 1098 730 merita

103 748 287 816 Clementer
301 747 451 813 eoncilia:
775 748 1021 814 Nosnonsinae
1037 749 1252 830 condemnari,

102 833 150 898 Te
167 837 333 898 mntamue
347 829 398 897 hie
413 829 559 910 iocunde,
774 832 838 900 Sed
853 833 1007 898 concedat
1021 833 1167 899 coronari

100 915 148 981 Et
161 933 312 996 rogamus
325 931 434 998 preces
450 913 556 995 fonde,
776 917 812 982 ln
827 915 957 984 coelesti
973 915 1070 982 anna.

101 999 149 1066 Ut
164 1000 275 1066 etheos
290 1015 400 1065 omnes
415 1017 487 1067 reos

100 1083 240 1151 Mundet
253 1083 331 1150 doto
345 1084 447 1149 venia.

118 1191 215 1249 Tarae.
250 1189 328 1250 Mine.
347 1191 441 1248 colon.
462 1191 539 1248 1504.
557 1189 575 1246 l.
594 1191 656 1248 288.

601 1365 800 1386 *nn-..—

500 1514 570 1580 too.
613 1511 665 1583 Da
687 1530 715 1578 e.
736 1507 900 1579 Barbara.

63 1655 301 1738 ‚Angelorum
315 1655 439 1737 militia,
776 1654 860 1721 Dum
875 1663 1025 1736 parentes
1040 1660 1074 1720 et
1087 1653 1207 1737 gaudie

102 1740 543 1822 Sanatommqueconsoroia,
653 1779 655 1788 ‚
776 1738 890 1805 Mundi
905 1739 1028 1822 sprevit
1041 1738 1192 1819 labentia,

103 1823 461 1903 Totaooeleslisouria,
776 1822 1135 1892 Etmentevoluntaria

103 1907 181 1974 Una
195 1926 266 1974 oum
283 1907 416 1974 ecelesia
777 1907 882 1974 Subiit
898 1907 1095 1990 martyrium.

106 1991 257 2058 Trinitati
271 1991 465 2068 individuae,
722 1994 750 2056 3.
777 1992 843 2058 Ave
858 1991 948 2072 virgo
963 1991 1146 2068 sublimata,

107 2074 421 2162 Unitatiperpetuae
775 2075 979 2140 Laetaooelo
995 2081 1155 2153 coronata,

104 2161 286 2230 Deaantent
301 2177 372 2224 aum
386 2156 567 2242 frequentia
775 2155 897 2224 Videas
911 2157 1073 2226 Christum
1088 2160 1255 2224 aeternam

103 2243 232 2310 Laudes
247 2249 281 2309 et
295 2241 473 2328 praeconia.
777 2241 1078 2324 eastimtisgloria:

42 2333 74 2395 2.
104 2327 205 2393 Cuius
219 2327 307 2394 fonte
322 2332 470 2394 saturata
777 2325 1164 2410 Suppliaamuaobeata,

103 2412 252 2479 Barbara
266 2430 300 2478 se
314 2412 343 2476 ei
358 2415 453 2492 grata
776 2409 886 2478 Laude
902 2409 1021 2477 Christi
1035 2409 1214 2482 immorata,

103 2495 231 2562 Obtulit
242 2493 448 2562 immaculata
776 2495 876 2560 Posce
891 2493 983 2560 nobis
999 2494 1040 2560 ad
1055 2495 1153 2560 beata
1200 2543 1210 2551 .

103 2577 440 2646 Vivumoeerificium:
776 2576 947 2646 Pervenire
964 2577 1091 2662 gaudia

119 2685 215 2746 Teat.
250 2687 329 2746 Mira.
347 2687 475 2758 Mognot
494 2685 571 2746 mor.

602 2869 802 2888 m

450 3023 521 3088 787.
563 3015 617 3088 De
637 3040 662 3087 e.
684 3017 827 3105 Briaata
848 3019 957 3088 vidua.

191 3136 270 3206 (aaa.
287 3137 321 3191 ia
337 3133 488 3193 actaeae
505 3138 587 3206 1302,
604 3143 673 3210 yart.
691 3141 736 3195 23.
755 3137 818 3195 dulr'
835 3140 916 3206 137³,
935 3137 1044 3194 veratri
1061 3139 1105 3194 16.
1124 3136 1208 3212 Jali.)

72 3265 99 3325 l.
119 3255 309 3324 Insistentee
323 3255 502 3322 cantilenae
742 3263 772 3324 4.
790 3257 889 3324 Matri
905 3255 1198 3336 taurominitanae

120 3337 578 3407 ConformemusPlrilomenoe
792 3341 958 3408 similatur
973 3347 1006 3407 et
1021 3339 1195 3424 Somnum,

119 3423 488 3506 Vocesetpraeaordia:
792 3425 968 3506 Oorligens
984 3425 1176 3492 indomino:

122 3508 201 3576 Cum
217 3509 257 3573 de
271 3507 389 3573 mundo
403 3506 589 3575 Philomena
790 3508 1193 3592 Revelatrixseeretorum,

121 3591 261 3660 Centone
276 3593 364 3658 volat
378 3590 420 3657 ad
436 3609 570 3660 amoena
791 3591 1123 3660 Sinefinebealorum

119 3675 266 3744 Paradisi
282 3674 409 3758 gaudia.
791 3677 956 3746 Gloriatur
969 3679 1101 3762 premio.

71 3764 101 3826 2.
120 3759 195 3839 Noa,
210 3759 384 3842 Brigittam
397 3765 597 3842 venerantes,

121 3844 222 3910 Decet
237 3859 309 3909 esee
323 3845 370 3910 sia
383 3845 543 3910 laetantes

120 3927 158 3993 In
173 3927 242 3994 eine
258 3928 437 3994 solemniis:

120 4009 167 4078 Ut
180 4011 282 4095 ipsius
294 4012 456 4076 imitemur

120 4097 229 4176 Actus,
245 4111 350 4160 mores
365 4096 586 4164 committamur

120 4177 199 4244 Cum
215 4179 320 4262 dignis
335 4178 504 4260 obsequiis.

73 4264 104 4326 3.
121 4263 210 4329 llaec
223 4271 281 4344 est,
297 4263 348 4329 oui
362 4264 553 4345 insinuatur,

119 4347 194 4416 Loti
207 4349 321 4431 templi
334 4348 496 4414 revelatur

121 4429 318 4498 Admiranda
331 4429 484 4498 formula:

121 4515 219 4595 Felix,
235 4515 286 4580 aui
300 4514 533 4598 manifestatur,
744 4519 773 4584 6.
793 4516 929 4584 Gravem
945 4516 1240 4602 fugatspiiioalem

120 4597 209 4665 Felix
223 4616 306 4680 aqua
325 4597 527 4669 confirmatur
791 4601 927 4669 Febrem
941 4603 1033 4686 pellit
1046 4603 1253 4682 criminalem,

122 4681 297 4749 Salvatoria
311 4683 448 4768 virgula
792 4685 1051 4773 Lepraepurget
1063 4686 1233 4754 maculam.

94 4781 350 4838 naa-,eam
1103 4789 1146 4852 34

743 3896 775 3958 5.
791 3889 880 3956 Haeo
894 3891 945 3956 est
959 3889 1083 3956 doctrix
1098 3887 1285 3974 disciplinae

789 3971 861 4054 Dei,
876 3977 983 4038 custos
996 3991 1017 4037 a
1031 3973 1143 4040 ruinae

792 4057 975 4124 Mandanae
990 4056 1155 4138 periculis:

792 4141 947 4209 Claritate
961 4139 1120 4220 redimita,

790 4225 870 4292 Fide
884 4225 1017 4306 pollens,
1033 4223 1121 4290 clara
1135 4223 1211 4305 viia,

790 4309 914 4376 clarum
928 4307 1099 4376 miraculis.
