3190 5226
703 330 916 394 ...30-

212 531 235 572 c.
252 514 409 570 Bemerlc.
445 513 506 584 „lix
525 513 646 570 omnium
664 511 723 570 fere
741 513 897 570 Missalinm
922 513 984 582 lege
1009 514 1129 570 recitata
1152 519 1196 570 est
1213 513 1365 583 Sequentia
1384 511 1466 568 Nati-

157 590 245 646 ritate
253 587 364 644 Domini
383 585 419 642 sd
437 601 571 643 summam
580 586 704 642 Missam.
737 587 826 642 Docte
845 592 873 642 et
891 586 1031 642 subtiliter
1049 587 1208 656 rhythmum
1226 586 1356 640 carminis
1378 601 1465 654 expo·

158 662 216 719 suit
239 659 271 714 F.
296 657 415 715 Wolfins
440 675 467 728 p.
494 661 556 713 296.
597 657 715 713 adiecta
740 665 783 714 est
806 659 835 712 in
859 658 1013 726 appendice
1032 659 1172 728 scriptura
1191 657 1249 714 cod
1278 657 1349 712 Bihl.
1371 657 1465 715 Pslat.
1573 703 1574 728 3

158 732 276 788 Vindob.
295 731 347 786 No.
369 733 446 800 1048,
465 744 538 798 qnae
554 745 669 798 prorsus
687 730 830 784 nobiscnm
848 729 922 798 facit,
941 745 1026 800 porro
1037 729 1102 786 cod.
1115 745 1186 784 saec.
1206 730 1285 784 XV.“
1304 729 1418 784 Daniel.
1430 757 1466 770 -
1573 733 1574 738 ’

159 809 184 862 6.
204 803 348 874 „Adancta
365 805 383 857 i.
403 818 426 857 e.
446 801 612 872 prolongata
630 801 781 857 secundum
799 801 955 856 naturalem
983 817 1093 858 cursum
1112 817 1196 870 snpra
1215 802 1275 857 dies
1293 801 1465 868 praeceden-

158 883 202 932 tes
219 876 264 930 vel
283 873 466 943 spiritualiter
485 873 682 942 intelligendo,
710 875 819 942 tempus
842 871 963 943 3111111,
992 872 1066 940 quod
1088 889 1139 942 per
1159 873 1262 929 Christi
1285 873 1466 928 nativitatem

158 947 351 1019 praelucidum
375 945 475 1000 factum
498 950 556 1012 est,
584 951 613 1000 et
636 944 809 1013 longitudine
833 944 1020 1000 miserationis
1040 943 1216 1000 adauctum.“
1240 943 1360 1014 Adelph.
1380 973 1418 985 —
1438 947 1465 998 ’1.

159 1017 296 1089 „Quando
307 1018 435 1074 Christus
453 1023 537 1072 natus
556 1021 600 1071 est
618 1017 647 1072 in
656 1016 808 1084 Bethleem,
828 1015 1023 1071 suboriebatur
1042 1017 1124 1072 stella
1133 1032 1275 1084 nunquam
1293 1016 1371 1086 prins
1391 1017 1464 1084 visa,

159 1103 232 1160 quae
257 1089 336 1145 duxit
360 1103 441 1160 reges
465 1087 501 1144 sd
525 1089 613 1142 locum
633 1087 745 1144 christi.
783 1087 899 1156 Proprie
926 1087 1008 1143 stella
1027 1103 1083 1143 non
1102 1087 1169 1155 fuit,
1198 1087 1248 1142 sed
1266 1087 1466 1144 miraculosum
1574 1111 1575 1116 ¹

158 1161 277 1231 factum,
304 1161 409 1218 habens
432 1159 530 1217 stellae
548 1159 785 1230 dispositionem.“
812 1157 930 1227 Adelph.
950 1189 984 1199 -
1006 1158 1094 1214 Ueber
1116 1160 1168 1214 doe
1188 1157 1388 1230 Rhythmiecbe
1408 1167 1465 1214 etc.

159 1233 405 1360 {fficssyldartsch
429 1232 459 1290 8.
484 1235 528 1286 10.
552 1235 596 1288 31.
620 1233 663 1285 38.
686 1233 729 1286 47.
752 1231 795 1284 50.
820 1232 863 1284 52.
889 1233 931 1285 76.
956 1233 999 1286 77.
1024 1233 1067 1286 78.
1086 1234 1130 1288 79.
1148 1233 1253 1286 8182.
1272 1233 1315 1287 93.
1333 1233 1379 1288 96.
1399 1233 1465 1290 117.

561 1545 610 1609 12.
660 1540 713 1610 De
734 1541 895 1608 1011011110
915 1539 1059 1606 Domitii.

516 1659 631 1732 (Auctor
655 1665 699 1718 est
717 1659 896 1716 Hildebertus
914 1655 1105 1727 Turonensis.)

158 1798 320 1866 Promissa
334 1797 455 1864 mundo
469 1799 588 1882 gaudia
833 1795 1010 1878 Invirgine
1026 1793 1214 1874 fecunditas,

159 1883 537 1967 Supernasolvitgratia
832 1881 870 1946 In
885 1879 974 1964 prole
988 1878 1079 1946 fulsit
1093 1879 1197 1945 deitas

159 1969 220 2035 Die
233 1969 311 2034 iste:
832 1965 982 2086 Dieigta.

976 2047 1053 2128 *ss

229 2159 326 2216 Text.
363 2159 463 2216 Daniel
480 2161 517 2228 11,
536 2163 579 2216 68.
599 2160 747 2230 „continet
765 2173 876 2214 carmen
895 2158 1026 2228 strophas
1044 2155 1239 2223 novemdecim,
1258 2161 1287 2211 et
1304 2168 1356 2226 per
1369 2159 1464 2214 totum

158 2232 279 2288 recurrit
295 2232 477 2303 hypopsalma
496 2232 580 2288 illud:
600 2231 653 2287 Die
671 2231 735 2288 ista.
753 2227 858 2286 Rarum
877 2237 921 2285 est
939 2231 968 2286 in
986 2228 1174 2286 Misealibus.“
1192 2227 1301 2283 Daniel.

562 2531 612 2594 13.
660 2523 714 2592 De
733 2525 894 2593 nativitate
914 2523 1059 2594 Domini.

526 2659 642 2732 (Auctor
673 2667 716 2720 est
742 2663 770 2719 8.
797 2661 978 2718 Bernhardus
1007 2659 1090 2731 (ilar.)

182 2789 210 2850 1.
231 2779 461 2933 ffietnbnndus
475 2779 595 2851 antee
607 2781 711 2851 fidelis
725 2782 850 2862 chorus,

286 2885 303 2931 e
317 2884 379 2932 ura.

181 2955 210 3018 2.
233 2951 353 3034 Regem
367 2967 479 3033 regum
493 2953 632 3020 10110110
646 2951 813 3037 profundit
826 2952 940 3019 thorus

232 3035 296 3104 Res
311 3037 466 3102 miranda.

178 3125 207 3186 3.
230 3121 373 3202 Angelus
388 3120 511 3187 consilii
525 3125 622 3187 natus
637 3126 687 3188 est
701 3119 741 3187 de
756 3121 882 3204 virgine

234 3205 289 3271 801
305 3205 345 3272 de
360 3205 463 3271 stella.

181 3296 211 3358 4.
234 3289 289 3357 Sol
304 3307 450 3356 occasum
464 3289 616 3370 nesciens,
632 3289 726 3358 stella
741 3307 865 3375 semper
879 3287 1016 3356 rutilans

234 3377 367 3458 Semper
381 3375 476 3441 clara

182 3460 211 3526 5.
234 3461 325 3528 Sient
339 3460 428 3526 ndns
441 3460 568 3526 radium
582 3455 705 3543 profert
719 3458 809 3542 virgo
823 3457 924 3526 lilium

233 3545 309 3612 Pari
322 3543 434 3611 forme.

182 3632 211 3699 6.
234 3629 346 3711 Neque
361 3629 451 3695 sidus
467 3627 558 3696 radio
572 3645 675 3711 neque
688 3632 793 3695 mater
807 3627 872 3695 lilio

233 3715 286 3780 Fit
300 3731 393 3780 corrn
417 3718 461 3779 ta.

183 3799 212 3862 7.
235 3797 356 3865 Oedrns
372 3733 438 3864 assa
451 3797 567 3865 Libani
582 3793 799 3865 conformatur
813 3797 950 3881 hyssopo

233 3881 326 3948 Valle
340 3889 462 3949 nostra.

183 3974 213 4036 8.
234 3965 377 4032 Verbum
392 3985 448 4032 ens
463 3965 610 4034 altissimi
624 3965 781 4050 corporali
795 3981 926 4050 passum
941 3966 990 4030 est

236 4049 339 4116 Carne
353 4057 491 4133 sumpta.

183 4136 212 4200 9.
234 4136 336 4285 IEsaias
352 4135 476 4216 cecinit,
499 4137 669 4220 synagoga
682 4137 837 4217 meminit,
852 4151 1016 4217 nunquam
1030 4139 1137 4200 tamen
1152 4133 1269 4200 desinit

265 4237 317 4286 sse
332 4236 434 4286 caeca

164 4311 213 4372 10.
237 4305 348 4372 Sinon
363 4305 430 4371 suis
444 4303 571 4370 vatibus
587 4305 698 4371 credat
712 4303 761 4372 vel
775 4303 957 4386 gentilibus,
974 4302 1053 4387 Sybi
1064 4303 1138 4370 linis
1153 4303 1298 4370 versibus

234 4387 323 4455 Haec
336 4389 511 4472 praedicta.

164 4481 212 4543 11.
235 4471 350 4539 Infelix
364 4491 511 4558 propera,
526 4471 620 4538 crede
634 4471 685 4539 vel
699 4475 818 4554 vetera,
835 4492 891 4540 cur
905 4472 1108 4552 damnaberis

236 4557 323 4624 Gens
337 4559 462 4625 misera.

165 4647 214 4712 12.
236 4643 356 4793 {iatum
371 4643 548 4724 considera,
564 4659 659 4725 quem
674 4641 768 4710 donet
781 4642 901 4726 littera,
915 4643 1021 4727 ipsum
1035 4640 1146 4725 gennit

264 4745 405 4811 uerpera.
