3234 5246
710 249 940 315 ..332-

202 433 231 496 3.
248 431 357 498 Iustus
371 428 404 496 in
418 429 546 511 iudicio,
877 438 906 498 7.
925 429 1280 514 Sponsioneiactavoti

250 515 417 598 Frequens
432 513 466 580 in
480 513 597 580 ieiunio
926 515 1044 582 Vocem
1059 515 1167 580 reddit
1182 513 1341 580 sacerdoti

249 599 348 665 Attus
365 599 528 666 atterebat
926 601 968 666 Et
982 599 1096 665 infanti
1110 599 1238 666 tibiam:

249 683 372 765 Aspero
387 683 498 762 cilicio,
925 683 1041 749 Statim
1056 685 1141 748 inter
1154 683 1304 748 Fratrum
1319 699 1435 752 manus

250 767 387 832 Fervida
402 766 530 831 devotio
927 767 1041 833 Frater
1055 769 1159 833 minor
1174 767 1278 848 surgit
1292 783 1390 833 sanus

250 850 391 918 Mentem
407 849 605 916 incendebat.
927 851 1005 918 Post
1018 851 1145 934 longam
1161 852 1329 916 miseriam.

202 938 231 998 4.
250 935 318 1000 Viri
343 936 433 1018 pravi
449 934 668 1016 conspirantes
877 943 906 1003 8.
924 937 1061 1002 Peneum
1075 935 1184 1002 reddit
1198 934 1332 1012 mulieri,

249 1019 339 1084 Dtin
355 1036 463 1084 necem
478 1018 696 1084 machinantes
926 1019 1015 1100 Quae
1030 1021 1082 1085 vix
1097 1022 1166 1103 capi
1183 1021 1232 1084 vel
1248 1019 1349 1084 teneri

250 1103 347 1184 Regia
362 1103 565 1181 unanimiter,
926 1103 1060 1170 Poterat
1074 1121 1151 1186 prae
1165 1103 1264 1170 iuria:

250 1185 374 1254 Bellum
390 1191 518 1252 movent
532 1187 753 1284 improvisum,
926 1188 1064 1271 Oquam
1084 1189 1223 1270 probant
1243 1189 1395 1255 Sanctum
1412 1186 1492 1268 Dei,
1610 1205 1611 1216 ¹

250 1271 318 1338 Rex
336 1271 458 1338 occisus
474 1270 664 1336 Paradisum
925 1271 969 1339 Et
983 1272 1171 1338 confirmant
1185 1271 1279 1338 fidem
1294 1271 1340 1337 rei

250 1355 367 1421 Introit
381 1353 524 1420 feliciter.
926 1356 1029 1424 Tanta
1043 1357 1220 1424 mirabilia!

203 1439 232 1498 b.
252 1437 648 1505 Adeiunctierevacatam
877 1445 905 1504 9.
925 1441 1011 1524 Ergo
1025 1441 1095 1522 regi
1109 1440 1241 1506 mirifico

250 1523 348 1588 Matri
361 1523 466 1590 vivam
481 1522 588 1588 reddit
604 1528 722 1604 natam,
927 1525 1010 1590 Laus
1026 1525 1218 1590 laetabundo
1235 1526 1357 1592 cantico

251 1607 295 1672 Et
309 1612 403 1672 sanat
416 1623 624 1690 puerperam:
926 1609 1176 1692 Frequentetur:

252 1690 398 1772 Quinque
414 1691 517 1774 plagis
533 1691 710 1771 vulnerato,
926 1693 1025 1759 Cuius
1040 1692 1150 1758 fruens
1165 1691 1299 1776 Upsalia

252 1774 321 1839 Iam
336 1775 458 1840 devita
478 1775 647 1858 desperato
927 1777 1068 1844 Salutari
1084 1780 1264 1862 praesentia

251 1857 468 1924 Datsalutem
485 1877 664 1942 posueram.
927 1862 1134 1928 Iucundetur.

205 1938 233 2006 6.
252 1942 341 2008 Felix
356 1943 446 2010 cuius
461 1945 567 2025 gratia
860 1943 907 2010 10.
929 1946 1148 2014 TuSueorum
1163 1946 1241 2022 Rex,
1257 1945 1350 2012 Erice

251 2027 418 2108 Fugantur
432 2027 609 2108 daemonia,
925 2029 1044 2114 Magne
1059 2031 1186 2114 Martyr
1201 2036 1233 2096 et
1248 2031 1347 2096 amice

252 2111 373 2178 Vident
389 2114 565 2178 excaecati:
926 2117 995 2196 Dei,
1011 2133 1103 2198 prece
1118 2115 1232 2182 sedula

252 2195 425 2262 Contracta
440 2195 584 2277 erigitur,
927 2199 1127 2266 venerantes
1142 2217 1199 2265 nos
1215 2200 1349 2264 emenda

253 2281 296 2346 Et
310 2279 494 2346 submersus
508 2279 653 2358 redditur¹
926 2283 970 2350 Et
984 2301 1043 2350 nos
1058 2283 1105 2348 illi
1120 2285 1353 2358 recommenda‚

252 2365 370 2431 Plenae
385 2363 528 2431 sanitati.
927 2367 988 2446 Qui
1003 2372 1117 2450 regnat
1131 2369 1164 2433 in
1180 2367 1298 2434 secula.

253 2473 349 2530 Teat.
386 2473 487 2532 Daniel
505 2473 540 2546 11,
561 2477 612 2532 lar
632 2493 666 2533 ex
684 2477 746 2534 Act.
766 2479 915 2536 Saniorum
932 2477 999 2534 Mai.
1027 2477 1105 2534 Tum.
1125 2475 1173 2536 IV.
1202 2495 1227 2548 p.
1251 2481 1315 2534 197:
1341 2476 1405 2547 „Ex
1425 2491 1491 2548 per-

184 2551 292 2604 vetusto
310 2545 448 2604 missure

737 2718 934 2728 Μ

571 2831 641 2896 558.
685 2828 738 2896 Da
758 2849 784 2895 s.
806 2827 930 2895 asarta
952 2833 1101 2914 martyre.

736 2945 777 3015 (a.
795 2944 851 3002 mo.
871 2949 943 3017 rao)

190 3068 216 3127 1.
245 3063 315 3129 Hac
329 3064 362 3130 in
377 3065 429 3133 die
444 3067 619 3149 gloriemur
917 3071 1069 3149 Moxnix,
1084 3069 1206 3152 grando
1222 3068 1453 3135 descendentes

242 3147 285 3213 Et
300 3149 414 3217 devote
429 3171 619 3219 veneremur
917 3155 1009 3233 Deos,
1026 3171 1099 3220 aras
1115 3155 1341 3220 subvertentes

242 3233 358 3301 Eskilli
373 3237 533 3304 solennia:
918 3239 1306 3320 Destruxeruntpenitus.

244 3317 305 3396 Qui
319 3339 376 3402 pro
391 3320 453 3387 fide
468 3322 630 3405 lapidatus
861 3321 891 3382 4.
918 3323 1037 3389 Hostes
1053 3322 1169 3387 sternit
1187 3321 1235 3386 vis
1252 3320 1447 3402 Sampsonis,

243 3404 697 3473 IamaGhristosublimatns
918 3407 1057 3488 Lampas
1077 3405 1163 3471 lueet
1178 3405 1346 3482 dedamis,

243 3487 375 3554 Residet
388 3489 421 3554 in
436 3491 548 3572 gloria.
918 3494 1001 3560 Dum
1017 3489 1148 3556 Praesul
1163 3489 1332 3556 occiditur:

188 3565 218 3628 2·
243 3569 372 3638 Transit
386 3575 473 3655 rigor
487 3574 643 3656 hiemalis,
918 3575 1067 3641 infideles
1082 3575 1187 3642 cuncti
1204 3575 1346 3652 credunt

243 3655 354 3722 Novus
369 3655 462 3724 floret
477 3659 537 3724 dos
551 3659 690 3727 vernalis
918 3659 1016 3739 Aegri
1031 3659 1170 3724 clamant
1185 3664 1219 3724 et
1233 3657 1397 3738 accedunt,

242 3740 280 3806 In
296 3741 432 3807 salutem
448 3744 605 3826 gentium:
628 3777 630 3782 ·
919 3744 1041 3821 Quibus
1057 3742 1143 3808 salus
1157 3741 1313 3810 redditur.

243 3823 345 3892 Error
359 3825 453 3906 cedit,
469 3827 659 3895 sublimatur
864 3825 893 3885 5·
917 3829 984 3895 Nos
998 3831 1148 3908 aegrotos
1162 3844 1256 3909 prece
1270 3843 1357 3904 sana,

245 3908 365 3977 Christi
380 3909 468 3992 fides,
484 3915 710 3996 augmentatur
919 3911 1005 3990 Quos
1019 3911 1187 3994 impugnat
1201 3929 1274 3976 curo
1290 3927 1382 3987 vana,

245 3993 406 4062 Numerus
425 3997 576 4064 fidelium.
823 4065 825 4068 ,
918 3995 1059 4064 Mundus
1074 4001 1108 4060 et
1123 3994 1299 4074 daemonia,

191 4074 219 4134 3·
245 4079 329 4144 Dum
344 4099 470 4164 pagana
506 4099 562 4147 ens
581 4080 717 4146 honorat
919 4081 1025 4160 Pater,
1041 4083 1141 4158 tutor,
1157 4080 1222 4144 dux
1236 4079 1392 4144 sueorum

245 4161 342 4244 Deos,
357 4164 460 4232 Deum
474 4101 607 4232 iraesul
623 4171 696 4230 orat
918 4165 985 4231 Nos
1001 4165 1145 4230 concives
1161 4161 1212 4228 tac
1225 4169 1409 4229 sanctorum

246 4245 380 4328 Signum
396 4247 465 4313 dari
480 4249 634 4315 coelitus:
920 4251 957 4315 In
973 4265 1112 4331 superna
1127 4247 1224 4314 curia.

262 4352 358 4409 Tenet.
395 4355 495 4412 Daniel
514 4357 548 4428 II,
568 4361 621 4413 214
640 4373 675 4412 ex
693 4357 755 4412 Act.
775 4356 947 4412 Sanctorum.
966 4357 1025 4414 Iun.
1045 4357 1121 4412 Tam.
1141 4357 1176 4412 IL
1195 4374 1221 4428 p.
1239 4360 1304 4413 598:
1324 4357 1386 4427 „Ex
1403 4355 1494 4410 veteri

190 4425 299 4484 Missali
319 4427 414 4496 Sueco,
433 4429 544 4484 saeculo
562 4427 668 4484 decimo
687 4429 783 4498 quinto
803 4429 933 4484 excusn.“

743 4613 942 4624 —n-unn—-u—
