3234 5246
702 343 848 407 —422
893 375 932 389 -

191 528 220 588 6.
239 523 275 590 ln
291 521 488 604 quetempla
504 519 703 602 trieiundat,
909 522 1016 589 Nobili
1031 522 1117 604 regis
1132 521 1205 602 filio,

239 605 451 688 cordiumque
466 604 585 686 temple
599 608 731 672 muniet
908 607 957 672 Ad
972 607 1061 671 cuius
1077 609 1158 670 hone
1173 607 1329 686 exposuit,

240 689 665 771 iloecdeproprioditavit,
907 689 1244 771 Exultantisnegotie.

237 774 307 840 ista
321 773 412 838 verbi
427 771 509 838 sueri
524 772 612 854 pavit
841 777 888 836 12.
909 775 957 838 En
973 773 1177 854 dispensator
1191 772 1306 839 habilis

237 855 445 938 Exemplique
459 857 572 936 gretie.
909 857 1013 934 Quina
1027 858 1150 922 talento
1164 856 1314 938 duplicet,

190 946 218 1004 7.
237 941 411 1006 Inhaerens
427 940 572 1020 vestigiis
907 941 1088 1006 Industriue
1102 940 1257 1006 mirabilis

239 1023 290 1089 Sic
305 1029 487 1090 sanctorum
503 1023 606 1104 (lignis
908 1025 1042 1106 Sumpta
1055 1041 1202 1106 quaeque
1219 1024 1422 1108 multiplicet,

236 1108 353 1188 Fulget
367 1107 415 1172 vir
431 1105 585 1190 prodigiis
906 1107 1052 1173 Prudens
1067 1107 1276 1188 infatigabilis

238 1191 334 1257 Socer
349 1195 382 1256 et
395 1191 545 1272 insignis3
907 1193 1072 1256 Annonam
1088 1191 1197 1272 largus
1212 1191 1354 1273 applicat

236 1275 344 1340 Firma
358 1279 451 1359 petre
465 1273 600 1339 radicati
905 1275 967 1340 Pro
983 1273 1247 1340 dominiinmilia.

234 1359 341 1440 Negat
355 1359 424 1424 eius
440 1358 566 1424 ceritati
840 1359 887 1421 13.
907 1358 968 1423 Hie
983 1358 1089 1423 clarus
1105 1359 1280 1426 virtutibus

235 1443 288 1508 Nil
303 1443 363 1507 Dei
378 1443 530 1525 potentie.
906 1441 1205 1524 Huevitadecedit,

186 1528 215 1589 8.
234 1527 337 1592 Rheni
352 1527 437 1608 quod
452 1527 511 1592 sub
527 1525 653 1591 essibus
903 1525 963 1590 His
976 1525 1055 1590 item
1070 1526 1269 1609 temporibus

234 1609 556 1676 Louiieninduebus
903 1609 982 1674 Eius
997 1610 1100 1675 virtus
1114 1609 1199 1675 redit

234 1693 340 1760 Possis
355 1711 414 1776 pro
428 1693 573 1759 rentibus
904 1693 1159 1775 Comprobende,

233 1779 329 1844 Petet
342 1777 520 1856 animabus,
903 1775 1097 1842 colocando

232 1861 395 1926 Uodolrici
411 1861 456 1942 pii
471 1859 571 1944 petris
902 1859 984 1925 Viva
997 1879 1055 1942 per
1070 1861 1225 1942 prodigia.

232 1946 306 2012 Mox
322 1945 418 2010 solvis
432 1965 452 2010 a
467 1944 577 2026 poenis
592 1943 671 2009 atris
837 1940 883 2007 14.
903 1944 1025 2022 OoeciS,
1041 1945 1173 2026 claudis,
1189 1945 1318 2026 tabidis,

232 2029 374 2110 Eiusque
389 2028 577 2111 praesentio.
903 2027 1137 2109 PerelyticetiS,

183 2109 212 2177 9.
233 2112 618 2192 Adinstorenangelistoe
902 2111 1050 2178 Obsessis
1065 2117 1098 2178 et
1112 2110 1242 2194 rabidis,

232 2197 350 2262 Haurit
363 2197 450 2262 uirus
466 2197 570 2260 iustus
585 2195 647 2258 isto
902 2193 1169 2276 Aqutsuffoeaus

231 2277 687 2362 illapsumtefixrrs,0hristo,
901 2279 1217 2363 Hnecpreestentur,

230 2363 449 2440 sacramento,
902 2363 1147 2443 Siqunerantor

229 2447 309 2512 Cum
324 2453 474 2528 portento
900 2445 949 2510 Ex
963 2445 1036 2526 fide,
1051 2445 1202 2512 remedie.

229 2531 345 2598 Mortis
360 2532 393 2596 in
409 2547 542 2608 arenee;
833 2521 881 2592 15.
900 2529 998 2609 Haec,
1015 2529 1192 2610 cuonrade,
1209 2527 1349 2609 gloriosa

163 2609 211 2679 10.
230 2615 320 2694 Quae
341 2621 416 2698 post
437 2631 594 2693 mensum,
617 2610 692 2676 dum
712 2631 785 2678 eon·
900 2613 1002 2691 Quem
1018 2615 1155 2696 probent
1169 2611 1317 2694 insignia,

272 2699 365 2780 sedit,
899 2695 1253 2764 Tusnobisiruetuosn

229 2783 308 2849 Eius
322 2801 376 2849 ore
390 2781 463 2846 viva
476 2780 571 2860 redit,
900 2780 980 2862 Sint,
997 2779 1277 2865 petensuffregie,

228 2867 295 2932 Nec
310 2871 449 2950 gustum,
467 2881 526 2929 neo
540 2863 637 2930 vitem
652 2861 762 2943 laedit,
899 2863 1040 2941 Quorum
1055 2865 1147 2932 nobis
1162 2864 1256 2929 detur
1271 2864 1363 2930 donis

229 2949 294 3016 Sed
309 2955 458 3028 testetur,
898 2949 977 3016 Post
990 2948 1069 3014 haee
1084 2949 1279 3030 transitoria,

227 3033 320 3112 Quod
339 3033 513 3099 frustretur
832 3023 879 3097 16.
900 3031 946 3098 Ut
961 3039 1066 3098 tecum
1080 3033 1184 3098 Deum
1199 3034 1342 3113 deorum,

226 3118 366 3184 Fidenis
380 3133 530 3185 venereo.
898 3115 999 3194 Quem
1013 3116 1116 3182 cernis
1131 3115 1164 3182 in
1180 3117 1292 3196 gloria,

160 3196 207 3267 11.
226 3203 287 3268 Hie
303 3220 408 3267 mnam
427 3219 490 3265 non
505 3199 538 3263 in
553 3199 682 3264 sudario
899 3200 1157 3283 Contemplemur
1171 3205 1204 3264 et
1219 3201 1377 3266 coelorum

227 3287 279 3352 Ad
294 3291 460 3368 quaestum
476 3283 585 3349 datam
601 3282 718 3365 posuit,
897 3284 1107 3350 iocundemur
1122 3283 1220 3364 eurio,

227 3369 291 3436 Sed
306 3371 394 3436 lucro
409 3385 480 3434 cum
495 3367 636 3447 denario,
896 3366 1353 3449 Quemmplenntnrinbonis

225 3453 326 3532 Quem
341 3453 471 3532 iecerat,
487 3449 631 3516 restituit
896 3449 1013 3516 Nostra
1028 3451 1197 3518 desiderio.

225 3579 251 3619 n.
269 3563 364 3616 Tenet.
401 3561 486 3616 Mene
504 3560 556 3617 No.
576 3560 630 3613 880
648 3560 685 3627 (Β,
703 3557 767 3626 261)
787 3556 1065 3614 sumministrator
1083 3559 1266 3627 Antiphanes
1290 3573 1327 3612 eu
1353 3555 1457 3612 Karis-

153 3635 223 3690 rute
241 3634 293 3689 No.
312 3635 374 3700 209,
393 3632 440 3686 Bt.
459 3635 502 3685 40.
521 3631 573 3686 mit
592 3631 641 3684 der
660 3628 781 3683 Melodie
800 3629 855 3700 (A).
873 3629 927 3683 Hs.
946 3645 982 3684 eu
999 3627 1201 3700 Kreuelinqen,
1222 3633 1265 3684 14.
1284 3629 1383 3684 ‚lauro
1402 3629 1456 3682 mit

154 3708 204 3761 der
222 3705 344 3760 Melodie
362 3703 414 3774 (B).
450 3703 504 3756 Hs.
522 3719 559 3758 su
577 3699 605 3776 S,
625 3699 727 3756 Gallen
744 3700 796 3756 No.
816 3703 869 3756 546
888 3701 1036 3772 (Brender)
1054 3701 1073 3755 i.
1090 3704 1151 3756 220.
1169 3705 1212 3755 15.
1223 3701 1323 3756 Jatrt.
1341 3701 1393 3754 mit
1404 3701 1456 3754 der

154 3777 279 3832 Melodie
297 3777 348 3902 (g),
366 3805 401 3816 -
418 3773 499 3830 ntem
517 3773 589 3829 auch
606 3772 638 3825 in
656 3771 706 3825 der
724 3769 777 3825 Hs.
796 3787 833 3828 ru
850 3772 1016 3827 Eineiedeln
1033 3771 1085 3828 No.
1107 3775 1166 3828 105.
1188 3776 1247 3828 106.
1266 3772 1325 3828 und
1342 3770 1396 3826 Hs.
1415 3787 1455 3825 su

153 3847 287 3904 Rheinau
332 3863 356 3902 o.
376 3847 402 3916 9,
421 3845 476 3900 nile
494 3859 546 3900 ares
564 3843 625 3898 dem
642 3845 686 3897 15.
703 3841 803 3898 Jatrt.

223 3935 249 3990 b.
268 3934 453 3989 Leeartero.
492 3935 515 4000 1,
534 3933 559 3986 5.
579 3930 720 3987 christum
737 3927 818 3985 ABG.
837 3961 872 3970 —
891 3932 916 4000 3,
935 3933 960 3984 2.
979 3937 1074 3986 natum
1092 3933 1126 3987 A.
1145 3938 1213 3988 notu
1233 3931 1261 3986 0.
1273 3961 1307 3972 -
1320 3934 1346 4002 5,
1365 3935 1390 3987 3.
1409 3931 1455 3986 In-

154 4011 249 4061 ternum
268 4005 300 4060 B.
320 4035 354 4046 -
373 4007 399 4074 5,
417 4007 443 4058 4.
463 4009 491 4058 et
508 4003 573 4058 hon.
593 4001 622 4057 0.
651 4031 685 4042 -
712 4003 738 4072 0,
757 4005 782 4057 0.
801 4001 854 4056 Hie
872 4001 903 4055 B.
922 4002 976 4058 hoe
993 4003 1028 4071 Α,
1053 4003 1111 4073 „da
1136 4003 1454 4072 1110101301οε-

152 4076 236 4145 eiett,
255 4093 287 4131 eo
306 4081 383 4131 wore
400 4089 471 4144 quoe
490 4074 612 4129 beesmf‘
628 4072 721 4127 Mene.
740 4101 774 4113 -
793 4074 819 4140 6,
838 4075 863 4126 4.
883 4087 963 4128 secer
981 4074 1010 4129 0.
1030 4105 1063 4113 -
1082 4077 1108 4144 8,
1130 4079 1152 4128 1.
1172 4073 1242 4128 Veni
1261 4075 1291 4129 0.
1320 4105 1354 4116 -
1381 4077 1407 4144 8,
1426 4077 1453 4130 2.

151 4149 260 4204 Lorien
278 4148 310 4202 B.
345 4145 463 4202 Leuiien
483 4147 511 4201 0.
531 4175 565 4186 -·
583 4148 609 4214 8,
628 4145 653 4199 6.
672 4144 750 4200 salus
768 4143 799 4197 B.
818 4143 910 4213 solvis,
928 4146 1031 4215 θυννίς.
1050 4147 1081 4199 in
1100 4147 1128 4200 0.
1148 4174 1182 4186 —
1203 4147 1244 4215 10,
1263 4149 1289 4200 2.
1308 4148 1351 4203 ori
1369 4148 1400 4201 B.
1416 4176 1451 4187 -

154 4223 196 4286 10,
215 4223 241 4275 6.
260 4217 342 4272 fidem
359 4217 392 4271 B.
411 4247 445 4258 -
466 4219 506 4284 ll,
529 4221 551 4270 1.
570 4229 717 4283 annonam,
735 4215 803 4270 aber
820 4216 923 4284 carrio.
942 4231 1033 4270 mnam
1052 4217 1181 4284 0.-11,
1200 4219 1225 4270 2.
1245 4217 1296 4274 sed
1313 4219 1350 4274 nd
1368 4219 1397 4274 C.
1417 4247 1451 4258 -

153 4294 196 4358 11,
216 4295 240 4346 8.
259 4291 334 4344 lutro
352 4287 383 4342 B.
402 4287 509 4343 lucrum
527 4288 556 4343 C.
575 4317 610 4328 -
631 4291 671 4354 11,
690 4289 716 4340 4.
736 4300 818 4354 quom
837 4286 968 4355 11.-11,
990 4291 1015 4340 4.
1035 4287 1174 4343 exulantis
1190 4287 1219 4342 0.
1238 4291 1355 4362 „nerim
1365 4289 1452 4343 &nne

151 4375 207 4416 oon
223 4359 436 4432 peregrinantis,
456 4357 621 4414 abscentisf‘
639 4357 731 4412 Mone.
751 4387 785 4398 -
806 4361 848 4426 10,
867 4359 892 4411 3.
912 4357 937 4414 is
955 4358 1021 4412 item
1039 4357 1118 4414 Aoo.
1144 4387 1178 4398 -
1209 4363 1250 4428 10,
1269 4367 1294 4418 7.
1313 4375 1363 4430 per
1375 4360 1452 4429 sctit

151 4431 182 4485 B.
202 4463 236 4474 -
257 4435 298 4502 14,
317 4433 342 4486 ὅ.
361 4430 406 4484 his
424 4431 454 4484 0.
474 4458 504 4469 -
527 4431 569 4500 10,
586 4431 612 4482 4.
634 4429 661 4484 S.
680 4443 763 4497 prece
782 4427 834 4484 suf.
853 4429 887 4482 Α.
907 4459 939 4466 -
961 4431 1002 4499 16,
1024 4433 1047 4483 l.
1065 4430 1108 4484 Ac
1125 4435 1177 4484 teo.
1198 4430 1231 4485 Δ.
1490 4439 1493 4445 ·

222 4539 245 4580 c.
264 4519 423 4576 Bemert.
463 4516 551 4574 Ueber
568 4519 621 4574 dae
638 4515 838 4590 Rhyttmieciee
857 4522 906 4574 etc.
925 4519 1035 4588 epitriti
1053 4519 1171 4578 Bartsch
1189 4519 1217 4577 S.
1236 4521 1372 4576 1711184.
1388 4521 1450 4573 187.
