3240 5224
687 355 725 368 -
770 321 917 386 295-

147 511 181 575 3.
206 503 351 587 Linguae
364 503 482 570 etenim
495 503 637 586 ipsorum
824 509 853 573 5.
880 504 907 570 0
922 521 979 570 voe
994 501 1099 570 cunuti
1115 501 1309 584 sacerdotes,

209 587 322 656 Glevee
335 587 441 654 laetae
456 594 532 653 eunt
547 587 716 670 coelorum,
879 587 941 665 Qui
957 588 1103 654 tractatio
1119 589 1337 654 saerosdotee

206 671 269 737 Per
283 677 500 754 contemptum
516 673 682 754 ydolorum
880 671 959 736 Cum
974 690 1030 738 rex
1046 672 1195 738 Ohrietoe
1210 672 1254 738 eit
1268 673 1388 738 zelotes

207 756 321 823 Fortes
335 757 368 822 in
383 757 543 822 exaurine:
878 755 1200 838 leaurodiligioe:

206 839 387 922 Prorogatu
402 839 460 906 tali
475 842 607 918 clarent,
880 840 917 904 ln
933 857 996 921 quo
1012 841 1231 906 ietelulianus

207 922 337 990 Solvere
352 923 437 1006 qaod
453 929 563 1006 portes
579 925 698 989 hebent
879 923 987 990 Stulta
1002 923 1312 1004 menteetineanus,

208 1007 296 1073 Coeli
311 1009 473 1086 claudunt,
489 1009 565 1090 quia
579 1010 687 1074 valent
879 1006 980 1085 Quem
996 1008 1140 1091 exemplo
1153 1007 1388 1089 proclamamus

206 1091 284 1159 Illae
299 1092 345 1158 eia
360 1091 506 1174 dirigere.
879 1089 921 1156 Se
935 1091 1071 1158 extinxit
1084 1109 1231 1174 perpere.

878 1175 1048 1242 Provieieti
1065 1175 1209 1242 Galileae

879 1259 913 1325 Si
928 1259 1098 1326 clamasset
1111 1260 1264 1326 miserere

148 1349 182 1410 4.
208 1341 421 1410 Contemnunt
474 1341 667 1408 ooraetinare
878 1342 1103 1426 Nonperieeat
1121 1344 1246 1409 mirere.

206 1427 344 1494 Mortem
359 1443 418 1493 neo
453 1425 619 1506 eliberata,
824 1429 852 1488 6.
879 1427 964 1510 Ergo
980 1429 1081 1493 nostri
1096 1429 1249 1492 miserere

209 1509 274 1577 Sed
289 1511 447 1594 extemplo
462 1516 559 1592 eaput
572 1511 649 1576 dare
879 1509 954 1576 Ieeu
969 1513 1051 1578 bone
1066 1516 1098 1577 et
1113 1517 1214 1588 tuere,

207 1594 377 1662 Tortorum
392 1596 558 1661 vesaniae:
878 1593 961 1672 Quia
975 1597 1041 1661 vita
1055 1613 1144 1661 more
1160 1611 1252 1660 cerae

206 1678 260 1759 Hi,
274 1679 358 1745 Iovis
374 1678 568 1762 ydolatriam
651 1707 653 1714 ν
881 1678 999 1745 Nostra
1013 1681 1129 1744 transit
1143 1679 1176 1744 in
1191 1679 1251 1743 hoc
1266 1695 1348 1742 vore.

207 1761 648 1840 Delerturdumedatrium,
879 1761 1106 1846 Imperfectum
1121 1769 1157 1828 tu
1172 1761 1322 1845 supplere

208 1845 365 1914 Tenentee
380 1845 500 1912 Christi
515 1845 646 1912 latrium
879 1845 1032 1912 Nostrum
1046 1847 1126 1912 velis
1142 1851 1175 1910 et
1189 1843 1295 1910 fovere

207 1930 546 2015 Vilipenduntlimine.
878 1929 916 1994 In
930 1930 990 1996 hae
1004 1931 1088 1998 valle
1103 1929 1263 1996 miseriae.

222 2037 315 2094 Text.
352 2039 432 2096 Mite.
451 2038 531 2108 Prap.
553 2041 630 2094 1507.
648 2038 695 2092 dte
712 2037 861 2108 Abeotra'st
878 2038 1017 2096 tardante
1034 2039 1080 2112 iot
1098 2037 1137 2094 Η.
1156 2037 1262 2094 Haealr.
1288 2067 1322 2080 -
1351 2037 1452 2095 Daniel

146 2109 186 2180 11,
204 2113 265 2168 233.
283 2111 333 2168 tot
351 2111 459 2168 doraue
478 2109 523 2167 dte
541 2113 566 2164 1.
585 2109 713 2180 Strople.

704 2292 797 2300 —0-
819 2293 837 2299 -
851 2293 902 2300 .-.ο

378 2441 450 2504 413.
493 2435 545 2504 De
567 2443 675 2506 sarecto
699 2437 822 2505 Ioanne
843 2443 917 2504 orate
932 2444 1064 2520 portem
1086 2437 1231 2506 latrinam.

153 2585 182 2648 1.
208 2573 365 2642 Zebedaei
380 2573 447 2640 lilio
825 2581 853 2643 4.
881 2575 958 2640 Oleo
973 2592 1037 2655 quo
1053 2574 1217 2656 mergitur,

207 2659 340 2726 Iohanni
355 2675 427 2724 oum
443 2659 560 2739 gaudio
882 2657 1030 2740 Ut-pugil
1044 2658 1219 2740 inungitur,

207 2742 520 2826 Vooiequetripudio
880 2741 1085 2807 Neoiervore
1101 2743 1242 2808 laeditur

208 2827 431 2893 Gratulemur:
880 2824 1063 2892 Unctionis:

207 2909 252 2978 Ut
266 2912 337 2977 eius
353 2910 472 2975 auxilio
878 2910 916 2976 ln
932 2910 1068 2976 insulem
1084 2909 1234 2988 mittitur,

207 2993 571 3076 Precumqueeudragio
878 2994 915 3059 ln
931 3011 1004 3075 qua,
1020 2993 1104 3058 siout
1118 2993 1248 3074 legitur,

207 3081 255 3146 lib
272 3080 358 3144 omni
373 3079 520 3160 contagio
880 3076 997 3143 Sacrae
1011 3077 1093 3143 liber
1108 3077 1259 3143 scribitur

206 3163 402 3230 liberamur.
880 3161 1030 3227 Visionis.

149 3338 180 3398 2.
206 3331 341 3413 Propter
355 3329 416 3396 Dei
429 3327 539 3408 filium,
823 3333 851 3392 5.
879 3327 1042 3405 Quaedam
1062 3324 1249 3392 muliercula

203 3416 282 3481 Post
296 3416 386 3481 ouius
405 3413 575 3494 vestigium
878 3413 1040 3479 Suscitata
1056 3409 1177 3476 fercula

205 3497 355 3565 Cucurrit
368 3497 553 3564 coelestium
877 3496 1054 3578 Praeparat
1068 3495 1108 3560 ab
1122 3495 1227 3558 insula

204 3581 463 3666 Contemplator:
877 3579 1078 3646 Revertenti:

203 3667 369 3750 Relinquit
383 3663 586 3744 connubium,
877 3663 1102 3745 Magnaplebs
1118 3679 1189 3728 oum
1204 3663 1338 3744 parvula

203 3750 494 3833 Batianavigium,
878 3747 1232 3830 Diveeetpauperoula

203 3836 333 3902 Patrem
349 3833 574 3918 temporalium
877 3830 1051 3914 applaudit
1065 3830 1220 3896 miracula

204 3918 423 3986 Gonouloator.
876 3915 1028 3983 Facienti.

147 4091 177 4152 3.
202 4085 321 4153 Haueit
334 4085 535 4166 evangelium
822 4087 851 4148 6.
878 4082 1004 4148 Haueto
1018 4081 1106 4148 virus
1122 4083 1220 4148 calice

204 4168 374 4237 coenantis
389 4171 422 4235 in
437 4169 593 4251 gremium
877 4166 996 4232 Mortui
1010 4183 1068 4248 per
1084 4167 1209 4231 tunicae

204 4253 323 4321 Christi
338 4253 611 4337 oaputproprium
877 4249 1221 4332 Taotumapostolioae

203 4337 417 4404 Realinando:
876 4333 1107 4400 Surrexerunt:

203 4420 303 4489 Stetit
317 4423 359 4488 ad
374 4419 563 4504 supplicium
876 4416 1210 4501 Aurumtitexylioe,

203 4504 574 4572 Crucisinoonsortium
877 4501 1086 4584 Geminasque
1099 4519 1159 4584 pro
1174 4499 1264 4569 silice

202 4589 340 4657 Matrem
354 4587 599 4672 regioomnium
875 4584 1012 4651 Iuvenes
1026 4585 1158 4654 mirilico

203 4675 414 4744 desumendo.
875 4669 1086 4754 Receperunt.
