3190 5226
721 341 930 408 ..52-

178 533 206 594 6.
230 521 357 588 Candor
371 523 483 602 vestis,
503 524 656 606 splendor
670 525 760 608 lueis,
870 529 900 591 9.
921 525 982 590 llic
997 527 1047 590 est
1061 523 1154 606 lapis,
1170 541 1264 606 quem
1280 525 1435 594 reiectum

227 607 291 672 Pro
306 611 437 688 peccato
453 625 581 674 carnem
597 609 699 675 crucis
922 610 951 674 A
964 607 1104 688 Iudaeis,
1120 607 1177 674 sed
1190 611 1329 675 electum

228 690 364 757 Adixam
380 691 553 774 supplicio:
922 693 1015 758 Nunc
1028 693 1062 756 in
1076 697 1173 776 caput
1186 693 1314 776 anguli:

230 775 487 842 Gloriosamiam
504 775 648 842 effectam
922 777 1060 841 Deitatis
1074 777 1108 840 in
1123 777 1303 858 splendore,

229 859 632 940 Designabateteveotam
923 861 1153 928 Imoveatisin
1169 861 1294 942 decore,

228 945 328 1010 Verbi
344 943 520 1026 privilegio.
923 944 1083 1011 Viderunt
1098 944 1254 1028 discipuli.

178 1037 206 1095 7.
222 1029 328 1109 Atque
344 1027 506 1094 Christum
520 1046 581 1092 vox
595 1027 709 1110 fidelis,
853 1035 901 1098 10.
923 1029 952 1095 Α
965 1029 1130 1111 prophetis
1145 1031 1363 1112 praedicatum

230 1112 302 1177 Non
317 1111 358 1178 de
372 1113 477 1192 terris
497 1111 555 1179 sed
570 1112 610 1179 de
625 1113 721 1180 coelis
925 1113 1148 1194 Cognoverunt
1163 1113 1427 1180 transformatum

229 1197 290 1261 Dei
305 1214 423 1262 vocans
438 1196 570 1262 Filium:
924 1197 1013 1262 Inter
1027 1197 1192 1263 animalia:

229 1280 345 1345 Forma
358 1279 468 1345 nostrai
482 1281 662 1362 parvitatis
923 1279 1012 1357 Quae
1027 1282 1182 1364 propbeta
1196 1281 1402 1364 praedicavit,

232 1363 449 1430 obumbratae
466 1364 606 1430 Deitatis
923 1365 1022 1432 Verbi
1038 1365 1096 1430 Dei
1112 1383 1182 1430 curn
1198 1366 1326 1448 expavit

229 1447 368 1514 Praebet
383 1449 610 1515 testimonium.
923 1449 961 1514 ln
977 1467 1071 1514 carne
1086 1450 1257 1532 magnalia.

179 1536 208 1598 8.
231 1531 270 1596 In
285 1549 422 1614 persona
436 1551 502 1599 una
517 1533 637 1600 Christi
853 1537 901 1599 11.
925 1533 992 1598 Tua
1007 1531 1070 1597 frui
1084 1533 1213 1614 visione,

229 1617 312 1681 Ecce
326 1616 430 1682 Deum
445 1617 623 1700 cognovisti
923 1617 1113 1697 Praeparari
1128 1635 1186 1683 nos
1201 1635 1344 1698 coronae,

231 1700 374 1782 Virginis
389 1705 423 1766 et
437 1700 550 1767 filium:
922 1700 1290 1782 Nonindignosannue:

231 1782 337 1850 Unam
352 1791 459 1852 tamen
474 1787 519 1852 sic
534 1784 701 1859 concedas,
923 1783 985 1850 Sed
1000 1784 1155 1851 haeredes
1169 1803 1229 1852 nos
1243 1786 1395 1864 ascribas

232 1867 323 1946 Quod
346 1870 573 1936 naturasduas
589 1869 712 1949 credas,
922 1867 960 1933 In
974 1867 1112 1934 Iordane
1127 1871 1183 1952 qui
1197 1869 1344 1954 praeibas

229 1955 284 2020 lus
299 1959 464 2022 servantes
479 1955 653 2038 proprium.
924 1951 991 2018 Nos
1004 1953 1166 2034 quondam
1176 1955 1343 2038 perlosue.
1363 1952 1480 2020 Amen.

250 2095 276 2134 a.
295 2079 385 2136 Tcet.
422 2081 511 2138 Neale
529 2099 556 2152 p.
577 2084 636 2139 151.
655 2095 671 2136 o
689 2079 767 2136 Mias.
787 2078 957 2136 Tornaceusi
976 2081 1053 2135 1540.
1069 2080 1214 2142 -Daniel
1232 2079 1266 2151 V,
1285 2083 1338 2136 287
1355 2080 1406 2135 bal
1424 2081 1484 2136 den

179 2147 251 2205 Text
269 2167 321 2206 acca
339 2152 436 2208 Neela.

248 2256 273 2310 b.
292 2253 475 2311 Losorion.
512 2259 543 2326 7,
573 2259 596 2309 l.
622 2256 725 2312 christi
743 2255 827 2312 Torn.
847 2286 882 2298 -
902 2261 927 2326 7,
949 2259 975 2313 4.
994 2258 1140 2326 pravitatis
1159 2257 1243 2314 Tom.
1262 2289 1297 2302 -
1315 2261 1342 2326 9,
1362 2261 1386 2313 1.
1406 2273 1482 2330 quae

178 2325 316 2382 deiectum
334 2327 418 2384 Torn.
437 2357 472 2370 -
491 2331 534 2398 11,
552 2330 579 2381 2.
597 2328 763 2398 Praeparati
782 2329 867 2384 Torn.

247 2444 271 2482 c.
289 2426 417 2483 Bemcrlr.
454 2431 479 2484 9.
497 2427 642 2499 „Respicit
660 2435 743 2499 poete
761 2443 872 2484 carmen
887 2429 1084 2486 Adamianum:
1103 2429 1280 2502 Reprobetus
1298 2436 1327 2486 et
1345 2432 1476 2488 abiectus

177 2499 264 2568 Impia
281 2501 343 2569 isto,
362 2517 435 2556 nunc
452 2501 567 2569 electus,
586 2501 619 2555 In
637 2502 802 2570 trophaeum
820 2507 878 2556 atat
896 2508 1014 2573 erectus,
1032 2504 1070 2558 Et
1087 2503 1116 2558 in
1135 2509 1218 2572 caput
1237 2501 1356 2571 angulif‘
1376 2503 1478 2560 Neale.

178 2603 212 2612 -
233 2575 274 2627 10.
292 2571 396 2641 „Poeta
413 2571 490 2628 illam
508 2572 645 2642 Vulgatas
664 2573 823 2642 Scripturas
841 2572 988 2630 lectionem
1006 2575 1054 2642 „in
1071 2575 1161 2632 medio
1181 2575 1297 2630 duorum
1315 2575 1479 2632 animalium

178 2644 355 2700 innotescas“
373 2643 409 2702 ad
427 2643 545 2716 Moysen
564 2651 593 2700 et
610 2644 721 2701 Heliam
739 2643 845 2700 reterre
863 2646 1024 2715 procudit.“
1042 2647 1141 2704 Nesla.

732 2821 923 2829 na——--—

527 2967 578 3030 42.
619 2961 662 3027 Io
683 2961 962 3046 tronsflpurotiooc
983 2961 1128 3028 Domini.

200 3129 227 3189 1.
251 3121 422 3204 Speciosus
436 3121 538 3187 lormd
554 3140 631 3204 prae
646 3123 730 3188 natis
745 3122 907 3188 hominum
921 3123 1022 3203 Iesus,

198 3211 227 3272 2.
249 3207 384 3272 Vultum
399 3207 583 3273 desiderant
597 3208 687 3274 cuius
702 3207 817 3288 Angeli
830 3205 982 3272 deiflnum
996 3207 1124 3285 intueri,

199 3297 229 3357 3.
251 3291 314 3357 Pro
329 3293 422 3358 nobis
438 3292 627 3372 exinanitus,
645 3294 677 3356 in
692 3289 795 3356 forma
809 3292 892 3357 servi
907 3292 975 3358 Rex
990 3291 1184 3369 humiliatus

198 3381 227 3442 4.
250 3375 355 3442 Hodie
370 3375 491 3441 formae
506 3375 755 3457 panditdivinae
765 3377 868 3442 lucem
879 3375 1076 3442 inaccessam
1087 3393 1145 3456 par
1156 3373 1259 3438 lucem
1270 3371 1479 3456 symbolicam

200 3465 228 3528 5.
250 3461 289 3526 In
310 3465 417 3609 monte
436 3459 684 3542 transfiguratus
706 3459 801 3540 celso,
825 3477 919 3525 verus
940 3460 1010 3541 ipse
1032 3476 1121 3522 mons
1145 3458 1300 3524 montium
1324 3457 1480 3524 excelsior

329 3562 384 3610 coe
400 3563 426 3608 o.

201 3631 229 3692 6.
252 3627 353 3693 Vultu
368 3629 437 3706 soli,
453 3631 541 3693 veste
556 3645 616 3709 par
629 3627 705 3702 nivi,
720 3627 846 3709 qualem
862 3627 921 3692 soli
937 3630 1002 3691 tres
1017 3627 1190 3692 cernebant
1204 3623 1330 3705 deividi,

202 3715 231 3776 7.
255 3711 346 3792 Caro,
363 3712 504 3792 sanguia,
518 3729 581 3776 non
597 3711 759 3791 revelavit,
775 3712 833 3776 sed
848 3711 944 3776 Pater
959 3711 1118 3784 coelestis,
1133 3710 1224 3775 cuius
1239 3727 1300 3775 vox
1315 3709 1431 3774 edixit:

200 3799 230 3860 8.
255 3795 336 3871 „Hic
350 3801 399 3862 est
410 3796 513 3860 Natus
527 3795 604 3860 mihi
620 3794 764 3874 dilectur,
780 3795 841 3860 toti
857 3795 974 3860 mundo
990 3793 1166 3859 audiendus
1179 3813 1186 3872 ;

200 3883 230 3945 9.
252 3879 345 3944 Hunc
360 3879 524 3944 docentem
540 3896 665 3962 semper
679 3877 798 3952 audite,
814 3879 874 3944 soli
889 3895 999 3944 omnes
1014 3877 1195 3944 obaudite.“

182 3967 230 4028 10.
254 3963 369 4028 Overe
384 3964 515 4028 nimium
531 3963 627 4036 beati,
643 3963 736 4028 huius
750 3964 865 4028 secreti
881 3963 1008 4036 conscii,

182 4052 230 4112 11.
254 4047 310 4124 Tu,
326 4046 430 4126 Patre,
445 4047 568 4120 Iacobo,
583 4047 730 4120 loannes,
745 4065 783 4112 ex
799 4047 909 4112 electis
925 4045 1018 4112 electi
1034 4045 1117 4111 tresl

182 4135 230 4196 12.
253 4131 400 4278 lllirabgle
415 4137 571 4196 secretum
586 4137 635 4196 ast
649 4131 741 4197 vobis
751 4132 939 4210 revelatum,
951 4148 1030 4212 quoa
1042 4131 1143 4196 nubes
1155 4127 1366 4208 obumbravit,
1382 4127 1480 4192 Pater

331 4233 348 4279 e
372 4215 466 4279 oouit.

183 4303 231 4366 13.
253 4297 519 4447 Νιιιιιιὲιιιοοιιοιι
527 4303 692 4379 terrorem,
703 4297 758 4363 sed
767 4299 889 4381 gratiae
898 4297 1079 4378 datrorem;
1098 4315 1161 4363 non
1172 4295 1258 4364 lunio
1270 4295 1478 4377 subobscura,

331 4399 365 4448 se
415 4399 568 4447 ucrvoma.

182 4472 231 4532 14.
255 4467 454 4533 Osummum
469 4465 607 4548 gratiml
630 4483 687 4531 vos
702 4465 902 4548 condignum,
919 4465 1101 4549 Boanergel

182 4555 230 4616 15.
254 4551 311 4631 Tu,
327 4551 475 4632 claviger,
492 4567 587 4616 carne
602 4549 731 4630 dormis,
748 4551 802 4616 sed
817 4551 952 4633 impiger
967 4551 1070 4616 corde.

182 4641 230 4704 16.
252 4635 290 4702 In
308 4635 391 4701 hunc
413 4639 552 4702 montem
571 4635 773 4701 conscendite
787 4642 860 4718 post
874 4643 941 4703 tras
955 4635 1045 4714 istos,
1073 4634 1113 4699 de
1126 4634 1231 4700 tribus
1247 4632 1365 4714 quique
1380 4631 1476 4698 tomis

329 4725 446 4804 terrae,
