3240 5224
700 309 932 382 -180-

164 505 193 572 3.
216 501 277 582 Qui
298 497 431 568 Saulnm
453 505 698 584 persequentem
717 506 853 580 terrens,
875 501 946 566 luce
969 501 1083 568 stravit
1103 501 1265 578 tenebras,
1290 503 1328 565 ut
1353 497 1488 564 castris

313 587 379 654 suis
394 591 533 652 tutorem
548 595 675 651 cautum
692 588 897 668 prospiceret.

164 681 194 740 4.
217 671 278 739 Hic
300 671 449 737 Iudaicos
470 668 595 736 furores
616 669 709 736 sedat
727 669 823 738 verbo
844 669 912 747 Dei,
935 667 1073 736 hostium
1090 671 1316 752 propugnator,
1343 665 1487 750 plebem

313 753 433 902 Christi
459 754 563 820 munit
586 755 726 836 monitis,
751 759 784 820 et
808 752 947 836 palmam
974 754 1013 820 de
1037 753 1128 820 hoste
1154 760 1275 820 certam
1300 756 1486 836 asportare

311 859 375 906 mvn
401 857 427 904 o.
763 897 774 912 ,

166 932 196 991 5.
217 925 282 991 Iste
296 923 479 1008 paradisum
494 921 629 996 intrans,
645 921 743 987 vitam
757 922 867 988 vivens
882 921 959 987 vicit
973 923 1124 1004 corporis.

167 1015 195 1076 6.
218 1009 306 1076 Idem
344 1015 395 1073 ost
409 1009 521 1088 longos
535 1003 700 1072 condictus
715 1005 867 1070 mundum
883 1007 948 1072 exit
963 1007 1069 1088 palma
1083 1007 1243 1088 martyris.

167 1100 195 1159 7.
218 1091 309 1159 Nunc
322 1029 373 1158 Eis
388 1090 516 1158 vocibus
531 1089 624 1165 assis,
640 1089 747 1164 Paule,
762 1087 882 1168 favens,
898 1091 990 1156 nobis
1005 1089 1083 1156 dans
1098 1090 1223 1156 veniam
1238 1088 1358 1156 Christi
1376 1106 1480 1172 prece

315 1174 1046 1257 tua,vitaequeconsortessimusperhennis.
1217 1230 1219 1234 .

238 1301 263 1340 a.
281 1281 377 1339 Taet.
412 1282 504 1338 Morel
521 1281 575 1338 No.
593 1283 654 1336 alb.
673 1279 702 1336 S.
721 1283 783 1336 165.
803 1297 870 1336 aas:
888 1281 940 1336 He.
958 1280 1305 1339 sustentatricem
1324 1280 1478 1350 lBrander)

166 1357 212 1414 Bl.
231 1359 294 1422 130,
313 1357 383 1410 abac
401 1352 534 1420 Melode'e,
552 1354 604 1409 mit
623 1353 673 1407 dar
689 1351 869 1424 Ausoetmsslt:
897 1353 962 1408 Alia
989 1353 1062 1409 bona
1089 1355 1236 1423 sequentia
1253 1354 1279 1409 b.
1298 1353 1419 1410 Netheri
1437 1353 1478 1408 de

167 1428 427 1486 commemoratione
446 1442 468 1482 s.
487 1425 568 1480 Pauli
586 1432 675 1495 apost.
694 1453 729 1466 -
748 1425 838 1480 Murci
855 1429 927 1480 aetat
944 1424 1038 1480 hiatcr
1055 1426 1174 1482 liutheri
1193 1427 1240 1480 eia
1254 1423 1475 1496 Frupesee'ebcn.

239 1515 266 1571 b.
285 1511 441 1570 Bemarls.
477 1510 557 1582 „Der
575 1515 600 1568 1.
614 1509 661 1567 Vs.
672 1511 864 1584 ietEiapeup,
883 1513 933 1568 der
950 1518 1023 1568 arete
1031 1511 1209 1583 Doppeleers
1217 1514 1258 1570 s‘at
1265 1529 1303 1570 rte
1311 1513 1476 1570 retroibant

519 1597 573 1668 Qui
591 1597 676 1654 eorda
693 1609 869 1668 peccatorum
886 1600 1023 1657 mundans

569 1669 622 1725 sihi
640 1685 707 1726 vasa
726 1669 823 1726 efficit:

517 1742 571 1814 Qui
589 1741 703 1797 Saulem
721 1753 933 1811 persequentem
951 1750 1060 1802 terreus

567 1813 628 1869 luce
646 1814 745 1870 suevit
762 1813 904 1883 tenebras,

268 1887 318 1945 der
336 1887 448 1945 ammte:
519 1883 559 1942 Ut
576 1885 675 1940 castris
694 1885 753 1940 suis
771 1894 892 1942 tutorem

567 1966 678 2011 cantum
696 1955 878 2026 prospiceret.

514 2027 567 2086 Hie
585 2026 709 2083 iudaicae
728 2025 837 2086 furores

566 2097 647 2154 sedat
664 2095 748 2154 verbo
767 2097 821 2164 dei,

270 2171 320 2228 der
338 2169 439 2226 dritta:
514 2170 643 2227 Hostium
663 2179 860 2240 propugnator,

568 2239 678 2309 plebem
698 2239 800 2296 Christi
818 2243 908 2297 munit
925 2241 1045 2310 monitis,

517 2310 556 2368 Et
572 2311 692 2381 palmam
710 2309 744 2366 de
763 2311 842 2368 hosta

569 2392 674 2438 certam
693 2394 838 2452 asportare
857 2383 960 2452 invido,

169 2473 222 2528 mit
240 2471 318 2528 &aar
334 2467 411 2526 Silda
427 2468 505 2524 mehr
521 2469 554 2524 s’e
572 2467 622 2524 dar
640 2468 777 2525 terdena
794 2467 905 2540 Hulste.
942 2467 1004 2526 Der
1028 2471 1116 2526 eiecta
1138 2465 1316 2541 Deppeleera
1339 2467 1401 2526 aad
1423 2466 1476 2524 der

169 2542 285 2602 scalam
303 2541 369 2598 sind
385 2540 490 2614 richtt'p
508 2539 687 2612 adpstheilt.“
721 2539 841 2598 Eartsch
858 2540 887 2598 S.
905 2543 949 2596 24.

613 2787 684 2851 391.
726 2781 779 2851 De
799 2789 907 2852 scaete
929 2780 1045 2851 Paulo.

195 2930 224 2991 1.
246 2920 432 2989 Concurrite
452 2918 515 2986 huc
536 2918 645 3001 populi
667 2925 701 2985 et
720 2920 854 3001 insulae,
874 2919 1036 2988 mentibus
1058 2924 1095 2987 ut
1115 2919 1305 3004 promptulis
1320 2919 1477 3002 magistro

321 3003 463 3086 gentium
481 3003 651 3082 assistatis,

193 3095 223 3156 1.
245 3087 411 3155 Laudibus
425 3086 509 3154 hunc
523 3105 619 3168 super
633 3086 766 3154 aethera
780 3088 954 3155 elevantes.

194 3179 223 3242 a.
245 3172 316 3250 Hic,
332 3171 425 3256 lupus
440 3170 515 3236 licet
529 3170 619 3236 leror
633 3173 715 3238 ovile
729 3172 848 3239 domini
863 3173 1052 3256 turbaverit

193 3265 224 3325 4.
246 3255 357 3324 Mitior
371 3254 488 3337 agnelli
503 3253 621 3322 vellere
636 3255 791 3335 induitur,

196 3349 226 3408 e.
247 3340 291 3407 Et
306 3339 359 3423 qui
374 3357 457 3404 nunc
471 3339 530 3406 suh
547 3342 661 3406 umbra
675 3341 798 3422 priscas
811 3339 901 3423 legis,
916 3341 1074 3408 velamine
1088 3339 1228 3408 hdosaieo
1242 3339 1378 3421 obsitus,
1401 3339 1478 3408 dae·

323 3423 426 3488 monis
441 3440 477 3489 se
512 3423 640 3489 raebuit
654 3423 835 3506 hospitium,

195 3511 224 3576 6.
246 3507 328 3576 Ecce
340 3525 425 3604 nrrnc
439 3443 567 3575 coefosti
582 3509 764 3576 illustratus
777 3527 815 3575 er
829 3509 951 3592 iubare,
964 3507 1164 3592 pneumatice
1178 3507 1252 3592 agio
1267 3507 1404 3576 nitidum
1420 3526 1477 3576 vas

326 3590 456 3658 exhibet
472 3599 506 3657 et
520 3592 665 3658 electum.

196 3681 225 3742 7.
247 3673 314 3742 Neo
341 3692 441 3749 mora,
468 3675 524 3741 ubi
555 3675 718 3742 Christum
745 3675 974 3758 indignantem,
1003 3675 1088 3758 quod
1115 3675 1176 3743 sibi
1204 3675 1478 3758 praesumpsisset

324 3765 436 3824 contra
450 3759 624 3838 calcitrare,
640 3777 674 3824 se
688 3761 834 3841 protinus
849 3761 1010 3842 coaptavit
1024 3759 1065 3826 ad
1080 3761 1146 3826 eius
1161 3779 1249 3844 epus.

195 3847 226 3912 8.
248 3841 575 3992 Iamquethaptizatus
589 3849 687 3926 atque
701 3843 854 3927 spiritalis
869 3845 1018 3911 unctione
1032 3843 1212 3912 chrismatis
1227 3842 1366 3912 relectus
1391 3843 1478 3928 plebi

324 3929 374 3994 ius
390 3945 480 3993 orum
495 3927 650 4008 iungitur.

196 4017 226 4080 9.
248 4011 292 4078 Et
311 4013 365 4094 qai
385 4011 481 4095 paulo
502 4015 577 4077 ante
598 4017 703 4078 castra
717 4010 891 4079 christiana
904 4016 1088 4095 perseeutor
1101 4012 1271 4094 invaserat,
1291 4029 1350 4095 pro
1364 4010 1479 4079 iisdem

326 4095 480 4162 dimicans
496 4095 588 4178 signa
602 4095 682 4161 corri
707 4097 764 4161 uit.

179 4185 228 4246 10.
250 4178 293 4246 Et
316 4181 419 4329 ῗὶἰιιιο
445 4197 619 4262 congressu
643 4115 764 4246 merem
788 4179 952 4248 Iudaicam
976 4180 1010 4246 in
1031 4179 1189 4247 Damasco
1210 4179 1399 4246 confuderat
1412 4178 1479 4246 acri

350 4280 367 4326 e
394 4280 422 4328 o.

179 4351 228 4413 11.
248 4343 374 4412 Exinde
389 4346 530 4411 collectis
542 4345 664 4411 viribus
680 4344 847 4412 Arabicam
863 4345 998 4429 experiri
1013 4345 1175 4430 prolectas
1191 4353 1241 4414 est
1253 4347 1445 4416 barbariem.

179 4435 228 4497 12.
250 4427 397 4513 Denique
412 4431 474 4496 iste
489 4428 622 4510 belliger
636 4428 768 4496 eximius
784 4431 893 4496 Asiam
907 4438 942 4498 et
954 4430 1087 4514 hyblam
1107 4431 1294 4499 indomitam
1316 4431 1480 4500 monarchi

327 4513 464 4594 primate
479 4511 665 4578 tributarias
680 4529 752 4578 esse
766 4513 849 4582 lecit.

179 4601 229 4666 13.
250 4595 405 4664 Noctibus
426 4604 492 4664 tam
512 4593 694 4662 indefessus
715 4614 810 4680 quam
825 4597 949 4676 diebus,
971 4599 1014 4664 ad
1033 4597 1133 4666 solam
1148 4599 1263 4667 summi
1277 4599 1480 4683 imperatoris

326 4680 455 4750 laudent
469 4687 540 4749 arte
554 4685 588 4748 et
602 4679 721 4750 virtute
733 4681 870 4766 gloriam
885 4682 1073 4750 adsciscere.
