3190 5226
720 232 930 296 ..34-

170 417 200 480 4.
226 410 325 477 Cuius
340 411 460 478 nodum
474 412 664 478 sacrament

225 496 298 562 Non
314 494 441 560 subtilis
456 496 639 576 argumenti

227 579 329 646 Solvit
342 579 524 660 inquisitio:

227 663 360 730 Modum
374 681 466 730 nosse
481 683 544 730 non
560 667 611 729 est
624 681 740 747 meum,

227 748 299 814 Scio
313 751 422 814 tamen
437 767 533 832 posse
546 749 659 830 Deum,

228 832 321 912 Quod
335 851 399 898 non
414 834 498 916 capit
512 834 606 901 ratio.

171 922 200 982 5.
226 917 328 996 Quam
344 918 463 984 subtile
478 917 538 983 Dei
554 915 735 982 consiliuml

227 1002 331 1080 Quam
345 1002 482 1068 sublime
495 1003 543 1068 rei
557 1000 759 1085 mysterium!

228 1087 330 1168 Virga
344 1085 464 1165 florem,
483 1087 585 1153 vellus
600 1103 716 1166 rorem,

227 1171 329 1252 Virgo
343 1169 466 1254 profert
483 1170 600 1237 filiurn:

226 1254 294 1320 Nec
307 1255 463 1337 pudorem
477 1255 574 1322 laesit
588 1255 762 1338 conceptio,

228 1339 295 1404 Nec
310 1340 446 1405 nitorem
460 1339 549 1406 floris
565 1339 702 1420 emissio,

844 419 873 482 6.
901 414 928 480 0
942 413 1056 496 Maria,
1071 415 1165 482 stella
1179 413 1287 495 maris,

898 500 978 564 Post
991 498 1094 566 Deum
1110 518 1182 583 spes
1199 499 1370 582 singularis

899 581 1129 666 Naufragantis
1144 585 1279 651 saeculi:

900 669 991 748 Vide,
1006 687 1103 752 quam
1117 686 1175 734 nos
1191 667 1420 752 fraudulenter,

900 749 1002 828 Quam
1017 769 1075 818 nos
1089 755 1206 818 vexant
1220 751 1375 820 violenter

900 837 962 904 Tot
976 841 1009 902 et
1023 836 1105 902 tales
1119 837 1246 904 aemuli.

846 926 875 986 7.
900 921 1011 986 Perta
1024 919 1116 986 nobis
1131 921 1232 987 virtus
1247 919 1350 1000 detur,

901 1005 963 1070 Per
976 1011 1019 1086 te,
1035 1011 1148 1085 mater,
1166 1006 1352 1072 exturbetur

900 1089 1073 1155 Daemonis
1088 1090 1255 1171 superbia:

901 1173 989 1239 Tuae
1003 1173 1086 1256 proli
1100 1191 1158 1240 nos
1173 1171 1367 1252 commenda,

901 1257 1021 1324 Nenos
1036 1257 1125 1324 brevi
1140 1257 1197 1325 sed
1211 1257 1377 1324 tremenda

901 1341 1013 1408 Feriat
1027 1341 1195 1408 sententiis.
1225 1343 1336 1408 Amen.

229 1421 419 1506 Concipiens
434 1429 466 1490 et
480 1425 610 1506 pariens

231 1505 443 1591 comparatur
457 1508 534 1574 lilio.

244 1631 269 1672 a.
288 1614 383 1674 Text.
419 1616 498 1674 Miss.
518 1615 598 1672 batn.
620 1617 689 1672 1520
707 1615 762 1688 (A).
798 1616 887 1673 Neala
905 1633 932 1688 p.
953 1621 994 1678 18.
1022 1620 1133 1678 aMiss.
1152 1618 1331 1676 Noviomensi
1354 1635 1390 1675 ex
1407 1621 1481 1675 Por·

172 1701 256 1744 nasso
274 1687 403 1744 Mariano
423 1688 475 1759 (Β).

244 1774 271 1830 b.
290 1775 474 1833 Locustae.
511 1775 667 1834 Gentilibus
685 1777 717 1831 B.
736 1805 771 1817 -
789 1777 815 1846 4,
836 1780 849 1831 l
869 1775 991 1832 nondum
1009 1777 1043 1833 A.
1061 1807 1096 1820 -
1115 1781 1142 1848 7,
1163 1784 1177 1834 1
1197 1779 1255 1835 rita
1273 1778 1299 1833 d.
1318 1777 1350 1834 B.

244 1879 267 1918 o.
284 1863 436 1922 Bemcrlc.
472 1868 498 1922 4.
517 1867 714 1937 „Epigramma
732 1865 955 1922 Hildebertinum
973 1867 1112 1922 iumenta
1130 1867 1228 1924 babuit
1245 1873 1340 1940 poeta:

372 1952 459 2024 Virgo
478 1954 568 2009 Deum
586 1955 690 2023 gennit,
708 1951 804 2010 forsan
824 1954 886 2022 quis
905 1953 1041 2022 quomodo
1060 1953 1190 2022 quaerit?

371 2024 435 2080 Non
454 2031 497 2080 est
515 2040 599 2083 nosse
617 2040 716 2095 meum,
736 2024 786 2080 sed
804 2025 860 2080 soio
878 2039 963 2096 posse
981 2023 1098 2082 Deum.“
1133 2025 1169 2081 N.

726 2195 926 2206 -—-—-—--

583 2315 631 2376 19.
675 2309 718 2376 Ia
738 2311 903 2378 amicitate
923 2308 1067 2376 Domini.

847 2454 877 2514 4.
903 2446 1051 2526 Ohomo,
1066 2445 1242 2527 considera,

902 2530 1068 2597 Revocans
1083 2533 1264 2610 memoriae,

903 2615 1030 2692 Quanta
1045 2619 1121 2681 sunt
1135 2615 1214 2680 baec
1231 2631 1328 2697 opera

902 2699 1039 2764 Divinae
1053 2699 1251 2765 clementiae.

902 2782 974 2848 Non
989 2784 1140 2866 desperes
1155 2785 1291 2863 veniam,

902 2865 937 2932 Si
952 2867 1089 2934 multum
1105 2867 1287 2950 deliqueris,

903 2949 967 3017 Ubi
982 2955 1032 3016 tot
1045 2952 1186 3034 insignia

903 3033 1054 3102 Caritatis
1068 3037 1197 3102 videris.

848 3119 877 3180 5.
903 3120 969 3186 Sub
984 3121 1097 3187 matris
1112 3119 1235 3202 refugio

903 3203 1002 3284 Fuge,
1018 3222 1113 3270 eausa
1125 3205 1252 3284 veniae;

902 3289 984 3354 Nam
999 3293 1090 3354 tenet
1103 3289 1136 3353 in
1153 3289 1274 3369 gremio

903 3371 1036 3438 Fontem
1055 3373 1282 3454 indulgentiae.

903 3456 995 3522 Hanc
1010 3457 1130 3523 salutes
1147 3457 1273 3539 saepius

904 3540 983 3606 Cum
999 3543 1067 3624 spei
1081 3539 1208 3620 fiducia,

903 3625 1021 3690 Dicens
1035 3625 1124 3691 flexis
1140 3624 1285 3707 genibus,

901 3709 968 3774 Ave
983 3709 1078 3791 plena
1131 3707 1212 3774 atiel

848 3787 876 3848 6·
904 3791 1071 3869 Quondam
1107 3794 1189 3858 entis
1202 3793 1359 3872 lacrymas

903 3875 1039 3942 Sederat
1053 3877 1221 3954 uberibus,

902 3961 994 4028 Nunc
1007 3961 1125 4026 iratum
1139 3961 1267 4040 mitigat

902 4044 965 4110 Pro
979 4047 1097 4112 nostris
1113 4042 1304 4110 excessibus.

902 4129 987 4210 Iesu,
1003 4129 1112 4210 lapsos
1126 4129 1250 4210 respice

903 4212 978 4279 Piae
991 4215 1104 4279 matris
1119 4212 1276 4296 precibus,

903 4297 1098 4364 Emendatos
1113 4296 1201 4363 effice

901 4381 1024 4465 Dignos
1038 4382 1119 4448 coeli
1133 4382 1265 4449 civibus.
1294 4379 1404 4444 Amen.

246 4507 271 4547 a.
291 4489 385 4546 Tenet.
422 4490 511 4547 Neale
549 4532 556 4546 .
577 4495 617 4547 10.
636 4505 670 4545 ox
688 4489 766 4546 bliss.
784 4489 963 4547 Noviomensi
990 4505 1024 4547 ex
1051 4491 1192 4548 Parnasso
1217 4491 1345 4546 Mariano
1365 4489 1420 4560 (A).
1439 4517 1476 4528 -

176 2449 204 2510 1.
230 2443 377 2526 Laetare,
392 2464 559 2530 puerpera,

229 2529 330 2596 Laeto
345 2531 531 2612 puerperio;

231 2614 328 2680 Cuius
342 2633 423 2697 pura
437 2615 560 2680 viscera

229 2697 475 2764 Foeoundantur
487 2697 564 2764 filio.

229 2783 327 2848 Lacte
342 2781 445 2848 fluunt
462 2783 561 2849 ubera

231 2866 311 2932 Cum
324 2866 456 2949 pudoris
474 2867 551 2946 lilio,

230 2952 376 3017 Membra
390 2950 501 3017 lovena
516 2954 637 3034 tenera,

230 3035 340 3116 Virgo,
356 3035 439 3099 lacte
453 3036 593 3118 proprio.

175 3116 205 3177 2.
230 3118 337 3184 Patris
351 3119 545 3200 unigenitus,

229 3201 292 3268 Per
305 3221 400 3284 quem
414 3201 490 3270 iecit
505 3205 619 3286 omnia,

229 3285 291 3352 llic
305 3287 393 3369 degit
406 3287 591 3354 humanitus

230 3371 297 3437 Sub
313 3378 417 3438 matre
431 3373 635 3456 paupercuda.

230 3455 282 3522 Ibi
297 3461 424 3522 sanctos
439 3457 571 3540 angelos

230 3538 344 3607 Reficit
357 3541 490 3622 laetitia,

229 3624 291 3690 Hie
306 3625 423 3692 sititet
437 3627 539 3692 esurit

231 3707 359 3790 Degens
373 3711 407 3774 in
421 3707 567 3775 infantia.

176 3801 204 3860 3.
231 3791 281 3856 Ibi
295 3794 379 3873 regit
394 3793 509 3874 omnia,

231 3875 292 3941 Hic
308 3881 445 3943 amatre
461 3877 600 3960 regitur3

230 3959 281 4026 Ibi
295 3959 352 4026 dat
367 3947 509 4044 impefla,

231 4043 293 4110 Hic
307 4045 442 4112 ancillae
457 4045 622 4126 subditur3

229 4128 280 4195 Ibi
295 4130 408 4194 summi
424 4129 568 4195 culminis

230 4212 365 4278 Residet
378 4214 412 4278 in
426 4213 516 4292 solio,

229 4297 292 4362 Hic
307 4298 425 4378 ligatus
444 4295 552 4362 lasoiis

232 4383 331 4462 Vagit
343 4383 378 4447 in
391 4381 569 4463 praesepio.

174 4561 209 4618 A.
229 4562 358 4618 Nicolas:
376 4561 429 4617 Die
446 4505 586 4633 tungrim
603 4561 702 4617 Mario.
737 4561 786 4617 lbr
803 4560 900 4618 Leben
917 4563 945 4617 in
965 4563 1014 4618 der
1031 4563 1143 4620 Kirebe.
1168 4559 1473 4620 Naohder2.frsnzos.

174 4635 313 4705 Ausgaba.
350 4633 414 4692 Von
431 4632 466 4689 Κ.
483 4635 516 4690 Β.
534 4633 677 4704 Reicbing.
694 4631 745 4690 111.
766 4637 789 4690 1.
807 4633 991 4706 Regensburg
1011 4638 1088 4692 1860.
1108 4635 1134 4692 S.
1152 4637 1215 4692 280.
1234 4634 1287 4706 (Β).
