3186 5254
690 380 921 445 4517-

453 566 523 630 764.
566 561 619 628 Dc
639 583 665 628 s.
686 563 786 630 Arena
805 568 906 631 matre
927 563 955 630 b.
976 561 1065 636 Mur.
1087 567 1166 648 viru.

629 679 762 749 (Verclrrt
779 697 826 738 am
843 684 887 736 26.
904 679 988 751 luti.)

161 805 188 864 1.
216 799 311 866 Salve
326 818 444 885 parens
459 802 571 867 matris
587 801 716 882 Christi,
831 809 860 868 3.
887 801 936 868 Tu
950 803 1074 885 pridem
1088 803 1288 870 infructuosa

216 883 350 950 Stellam
364 885 441 967 quin
455 886 629 969 protulisti,
887 885 1017 952 Cunctis
1033 905 1104 954 eras
1121 887 1231 953 odiosa

215 965 308 1034 Unde
324 969 371 1034 sul
387 969 532 1036 emicuit:
888 969 964 1046 Tuis
981 971 1229 1038 contribulibus:

213 1049 283 1118 Lux
298 1051 338 1119 de
351 1053 422 1118 luce
436 1054 546 1135 prodit
561 1060 642 1135 orta,
886 1054 979 1120 Prole
995 1056 1126 1122 tandem
1141 1054 1332 1124 foecundata

214 1135 334 1204 Clausa
347 1145 552 1218 permanente
566 1147 669 1222 porta,
886 1137 930 1204 Es
947 1141 1042 1205 beuta
1057 1140 1242 1222 praedicate

214 1220 314 1287 Vates
329 1228 366 1287 ut
380 1223 568 1304 praecinuit.
887 1221 971 1288 Olim
987 1228 1019 1288 te
1034 1226 1270 1304 spernentibus.

159 1307 189 1370 2.
213 1303 304 1370 Felix
317 1306 382 1372 ista
396 1307 554 1388 genitura,
830 1307 859 1368 4.
885 1305 972 1387 Ergo
988 1312 1096 1373 natam
1112 1309 1294 1392 deprecere,

213 1387 274 1454 Per
288 1407 384 1470 quam
399 1391 486 1456 Deus
501 1391 612 1456 mortis
629 1391 701 1456 iura
886 1389 952 1456 Nos
967 1397 1005 1456 ut
1020 1409 1077 1457 suo
1093 1391 1315 1458 commendare

213 1472 513 1556 Dissipsrevoluit:
885 1473 969 1540 Nato
985 1475 1064 1540 velit
1076 1477 1241 1558 precibus:

213 1557 647 1639 AuctrinAnnutantibcni,
885 1556 978 1633 Quod
992 1566 1158 1642 praestare
1172 1566 1209 1626 tn
1225 1560 1367 1643 dignare,

215 1639 308 1708 Cedis
322 1642 548 1717 maledictioni,
884 1641 975 1708 Bona
990 1648 1104 1710 cuncte
1118 1646 1174 1726 qui
1188 1645 1309 1710 donare

213 1725 314 1792 Vetus
329 1727 381 1791 lex
396 1744 490 1810 quam
508 1725 632 1792 statuit.
885 1725 1278 1795 Scisetvalescnnnibus.

228 1851 254 1890 a.
274 1833 364 1890 Text.
401 1835 765 1906 MoneNo.784(3,185)
793 1851 859 1890 aus:
885 1833 938 1891 Hs.
957 1853 995 1892 su
1013 1835 1105 1892 Grata
1122 1839 1194 1909 42151.
1221 1841 1265 1892 13.
1282 1837 1383 1892 Jahrb.
1406 1841 1459 1894 mit

158 1904 284 1962 numen
301 1908 356 1980 (Α).
392 1907 445 1962 Hs.
464 1924 501 1962 zu
519 1905 669 1976 Mensura,
688 1907 844 1963 cln.6111.
864 1906 919 1963 rc.
946 1911 989 1962 14.
1007 1908 1116 1978 carru,
1144 1895 1324 1964 cerum
1350 1909 1458 1966 ruccon-

158 1977 223 2047 least
240 1979 300 2032 und
317 1977 479 2048 cerdorbcn,
499 1979 542 2034 als
559 1977 692 2050 Hymnus
710 1977 763 2048 (B).
784 2007 818 2019 -
837 1978 937 2034 Daniel
954 1979 986 2050 V,
1006 1981 1059 2034 276
1077 1980 1128 2035 hut
1146 1981 1200 2035 den
1214 1977 1284 2036 Text
1303 1995 1356 2036 aus
1364 1981 1459 2037 Mene.

229 2065 255 2122 b.
274 2063 456 2120 Lesarten.
494 2069 518 2136 1,
538 2069 562 2120 l.
580 2065 679 2122 matris
691 2063 767 2134 scirit
784 2063 815 2118 Β.
834 2095 869 2106 -
890 2069 914 2133 1,
932 2067 958 2120 2.
978 2065 1062 2120 stella
1079 2067 1111 2121 B.
1125 2097 1154 2106 -
1170 2071 1193 2138 1,
1212 2070 1237 2122 3.
1257 2065 1347 2123 Undis
1366 2069 1458 2124 sol...

158 2137 219 2191 mic.
238 2136 315 2191 3.-
336 2140 359 2206 1,
378 2141 403 2192 4.
422 2136 567 2205 prodiente
585 2136 617 2190 B.
637 2143 699 2192 orte
712 2136 787 2204 fehlt
805 2136 836 2190 B.
856 2164 890 2177 —
910 2140 979 2203 1,5.
998 2143 1082 2206 porta
1099 2138 1132 2194 cl.
1152 2137 1184 2193 B.
1212 2168 1246 2179 -
1272 2142 1297 2204 l,
1317 2141 1342 2193 6.
1361 2156 1411 2210 per
1430 2149 1459 2196 te

158 2206 189 2261 B.
209 2214 237 2262 el
255 2208 288 2263 A.
308 2238 342 2249 -
361 2211 387 2278 2,
405 2211 431 2264 2.
450 2225 501 2278 pro
521 2225 576 2279 qus
593 2209 627 2264 A.
656 2239 690 2250 -
717 2211 744 2278 2,
762 2211 788 2264 4.
807 2209 903 2262 nutrix
921 2207 954 2264 Β.
985 2238 1015 2249 -
1042 2211 1059 2264 2
1087 2212 1112 2265 6.
1131 2209 1176 2266 lex
1190 2209 1265 2280 scirit
1283 2209 1315 2264 B.
1335 2241 1369 2252 -
1386 2216 1412 2282 4,
1435 2215 1458 2266 l.

93 2323 99 2336 .
159 2279 236 2348 virgo
254 2285 322 2335 nuta
340 2278 372 2334 B.
392 2311 426 2321 -
444 2285 470 2350 4,
490 2282 515 2336 3.
534 2281 578 2337 uel
596 2279 624 2336 id
641 2279 673 2334 B.
692 2309 727 2322 -
744 2281 771 2351 4,
789 2283 815 2336 4.
835 2279 902 2348 quid
920 2295 1035 2350 precare
1052 2251 1084 2336 i.

710 2501 906 2512 η--η-υ-ι--ι-ιο·

639 2665 709 2730 765.
751 2661 851 2728 Des.
873 2661 981 2728 Arena.

165 2807 191 2865 1.
217 2799 304 2866 Oceli
318 2819 428 2886 regern
443 2797 629 2867 attollamus
835 2801 863 2863 5.
889 2798 965 2863 Mox
978 2797 1011 2862 in
1025 2794 1104 2863 fletu
1118 2797 1334 2881 consolantur,

218 2883 308 2951 Elin
323 2904 415 2953 voces
433 2902 640 2966 erumpamus
890 2883 979 2949 Bona
993 2882 1070 2964 quia
1084 2883 1275 2950 nunciantur

218 2967 403 3036 Laudentes
419 2989 477 3054 per
491 2969 632 3034 cantius:
891 2965 998 3032 Affstu
1014 2967 1172 3048 angelico:

221 3055 314 3134 Quod
328 3073 387 3138 per
401 3056 525 3120 Annum
539 3054 667 3119 radiare
891 3051 984 3115 Anne
997 3051 1127 3146 tundem
1142 3051 1338 3136 gravidatur,
1429 3137 1430 3142 ἵ

222 3139 318 3206 Sidus
333 3138 410 3206 lecit
423 3139 566 3204 salutare
890 3134 934 3199 Et
947 3131 1050 3198 Mane
1064 3141 1238 3214 generatur

221 3225 258 3291 In
272 3229 375 3290 matre
390 3221 509 3289 deifica.
892 3215 1012 3284 Ordine
1026 3217 1168 3284 mirifico.

167 3308 195 3370 2.
221 3307 665 3389 AnnnnarnqueDecgrata‚
837 3301 866 3362 6.
890 3301 982 3366 Felix
997 3299 1065 3366 dies
1078 3303 1157 3368 haec
1172 3308 1205 3368 ct
1219 3303 1314 3386 laeta,

221 3393 372 3461 Gratioss
387 3393 430 3458 sit
443 3395 567 3465 vocate,
893 3385 963 3483 Qua
977 3387 1152 3467 prophetae
1167 3394 1243 3454 sunt
1256 3388 1390 3472 impletu

222 3479 286 3544 Diu
300 3477 419 3543 mansit
433 3473 568 3542 sterilis:
892 3469 1181 3536 Prnscavaticinia:

223 3561 304 3629 Cum
318 3561 433 3627 marito
452 3561 650 3640 conversata,
892 3554 993 3636 Virga
1006 3551 1096 3622 Iesse
1109 3573 1263 3637 generosa

222 3646 325 3713 Ptolis
338 3661 440 3728 paene
450 3641 512 3791 ’ΒΕΘ
526 3641 684 3709 frustratu
891 3635 971 3704 Tam
984 3637 1108 3706 relucet
1121 3637 1285 3705 fructuosa

224 3729 454 3796 Consternatur
495 3727 598 3792 ebilis.
893 3722 978 3788 Mire
991 3739 1049 3802 per
1061 3723 1211 3804 insignia.

168 3813 197 3876 3.
222 3813 324 3880 Ambo
340 3814 386 3879 sic
404 3809 592 3878 infructuosi
838 3803 867 3862 7·
893 3806 1031 3872 Fructus
1044 3809 1099 3873 ille
1114 3813 1181 3873 tum
1196 3807 1342 3873 sublimis

223 3899 344 3966 Vivunt
358 3904 512 3978 tanquam
527 3893 628 3961 odiosi
893 3889 1000 3970 Coelo,
1016 3893 1111 3957 terris
1127 3895 1160 3956 et
1173 3891 1207 3956 in
1220 3892 1294 3956 imis
1426 3929 1428 3932 -

224 3985 298 4051 Suis
313 3979 561 4048 contribulibus:
894 3973 1014 4040 Attulit
1027 3975 1198 4041 laetitiam:

223 4069 327 4150 Saepe
340 4083 467 4148 quoque
481 4061 647 4143 redarguti
894 4057 1044 4124 Tortnusi
1058 4077 1132 4124 narn
1147 4057 1305 4140 serpentis

225 4150 307 4216 Sunt
321 4151 362 4216 ab
377 4149 456 4232 ipsis
471 4163 597 4228 quoque
609 4145 690 4210 muti
894 4142 980 4208 Malo
996 4159 1095 4208 suasu
1109 4161 1167 4210 nos
1182 4141 1325 4209 nocentis

223 4234 344 4318 Templi
359 4231 592 4300 sacerdotibus.
896 4224 1042 4292 Conterit
1057 4227 1247 4308 superbiam.

168 4316 199 4377 4·
222 4319 307 4385 Hinc
320 4318 443 4402 pudure
457 4313 612 4380 rubricati
839 4305 869 4366 8·
895 4309 982 4390 Ergo
998 4315 1122 4376 lucum
1135 4316 1238 4377 matre
1254 4315 1331 4376 natu

224 4403 390 4486 Templum
405 4402 520 4484 petunt
534 4395 666 4462 adunati
895 4393 989 4460 Dulci
1003 4412 1087 4461 nexu
1100 4393 1275 4474 foederata,

225 4481 654 4570 Culpasilentesscelerum:
896 4477 1003 4562 Oulpis
1017 4497 1076 4545 nos
1091 4479 1266 4546 absolvite:

225 4571 344 4638 Votum
357 4569 424 4634 illic
438 4567 623 4644 emiserunt,
896 4562 945 4628 Tu
959 4563 1078 4644 nepoti,
1093 4567 1192 4644 tuque
1207 4569 1294 4642 nato,

224 4654 309 4722 Dure
323 4655 391 4720 Deo
406 4652 620 4735 promiserunt
896 4645 1009 4712 Carnis
1024 4647 1117 4713 hoste
1131 4647 1316 4730 propulsato

225 4739 431 4808 Nasciturum
444 4751 589 4819 puerum.
896 4728 1231 4812 Interventuiungice.
