3234 5246
678 263 907 330 -399-

146 450 175 512 2.
201 445 382 524 Tormenta,
399 461 481 527 quoe
494 462 609 529 passus
623 465 669 528 es,
817 451 846 512 4.
873 445 900 513 0
917 445 1036 529 Georgi
1049 445 1176 520 nobilis.

201 530 579 612 Vincereqniiussuses
873 529 1031 597 Constans
1047 535 1080 596 et
1093 529 1275 609 immobilis,

200 613 263 680 Pro
277 613 384 681 divino
400 612 542 680 numine:
872 615 935 682 Pro
950 614 1051 698 plebis
1064 615 1194 680 miseria

200 697 358 764 Botorum
372 695 499 780 (atque)
513 698 681 766 verberum
873 698 1234 781 Interpelladominum,

200 781 554 863 igniumeteorcerum
874 784 991 850 Sordes
1005 781 1116 848 lavans
1135 781 1302 848 cuminum

198 866 283 932 Fuso
299 866 428 932 tandem
442 865 607 946 sanguina
872 867 952 934 Eius
968 866 1065 934 dante
1081 865 1195 948 gratio¹

144 955 174 1014 3.
200 949 301 1016 Servo
315 955 405 1016 tuum
421 949 584 1032 populum,
818 955 845 1015 5.
872 949 1021 1033 Corporis
1035 949 1207 1034 spurcitias

199 1035 409 1116 Maximequi
425 1033 553 1100 titulum
873 1033 916 1100 Et
930 1035 1034 1100 cordis
1047 1035 1208 1117 nequitias

201 1119 338 1186 Servant
352 1118 400 1184 tui
413 1117 569 1184 nominis:
872 1117 938 1184 Fac
951 1137 1010 1185 nos
1025 1137 1132 1185 omnes
1148 1123 1293 1200 tergere:

199 1201 503 1281 Infidelesrcmove‚
872 1200 919 1269 Ut
935 1202 1028 1270 detur
1043 1204 1076 1269 in
1091 1203 1194 1284 glorio

198 1285 277 1352 Fide
291 1285 391 1352 iortes
405 1285 548 1364 confore,
873 1286 933 1352 Dei
948 1287 1060 1352 laudes
1075 1288 1181 1368 gratio

198 1370 305 1437 Vitam
321 1387 456 1453 poscens
470 1369 609 1436 luminis.
875 1369 955 1436 Cum
968 1371 1074 1438 beatis
1090 1387 1213 1436 canere.

213 1495 238 1534 a.
256 1479 349 1534 Text.
384 1478 475 1534 More}
494 1477 545 1534 No.
564 1480 626 1532 422.
645 1477 674 1532 S.
692 1480 746 1531 235
764 1495 833 1534 cue·
851 1477 904 1534 Ha.
924 1495 961 1534 ra
976 1478 1018 1536 St.
1034 1478 1135 1534 Golden
1152 1478 1205 1535 No.
1224 1479 1277 1534 546
1297 1472 1443 1546 (Brunder)

142 1551 194 1606 mit
212 1551 261 1677 (ἔν
280 1550 457 1620 Aofochrisi:
484 1552 526 1607 De
554 1555 650 1606 sancto
679 1549 797 1618 Georgia
824 1550 911 1605 milite
938 1565 972 1606 uc
998 1558 1119 1622 martyre
1138 1550 1242 1608 Christi
1266 1547 1384 1618 pulchro
1401 1559 1443 1600 sc·

144 1637 216 1690 quen
240 1637 266 1676 a.

213 1711 239 1767 b.
259 1711 442 1768 Losorion.
480 1715 506 1780 4,
526 1715 550 1766 1.
569 1711 653 1768 Geori
671 1709 724 1766 Hs.
744 1739 778 1752 -
798 1713 824 1780 5,
843 1714 868 1766 4.
888 1709 926 1766 Ut
944 1711 1082 1782 possimus
1099 1709 1128 1766 in
1145 1707 1199 1765 Hs.

693 1879 892 1888 -—-·--—--.-..--

601 1997 672 2059 587.
715 1994 768 2061 Do
787 2015 813 2060 s.
839 1993 984 2077 Georpio.

146 2135 173 2195 1.
200 2127 297 2193 Sume
311 2125 435 2205 laudes,
451 2127 535 2210 polle
549 2127 689 2213 mande,
818 2136 848 2198 4.
873 2127 1259 2209 Hiereginaminngone

198 2209 325 2292 Inclyta
340 2210 497 2291 Ferraria,
876 2212 1076 2280 confortavit
1090 2215 1123 2276 et
1136 2227 1273 2275 coronae

199 2293 315 2360 Tecum
332 2294 474 2375 laudent,
496 2315 559 2362 non
584 2297 774 2366 defraudent
876 2297 964 2365 Coeli
979 2295 1183 2380 participium
1279 2374 1286 2388 υ

201 2377 298 2456 coeli,
314 2381 431 2456 terroe,
446 2380 557 2459 maria,
874 2383 936 2448 Hic
950 2379 1081 2463 accepit,
1097 2397 1161 2444 non
1176 2378 1313 2458 decepit,

144 2471 173 2530 2.
201 2461 281 2528 Cum
297 2464 655 2544 patronusverebonns
876 2465 924 2532 Ob
939 2465 1000 2532 hoc
1014 2462 1115 2530 currit
1129 2467 1162 2528 et
1176 2479 1239 2526 non
1252 2459 1337 2542 repit

200 2545 272 2612 Tibi
289 2545 332 2611 sit
348 2545 517 2628 Georgius,
877 2549 928 2616 Ad
942 2548 1002 2615 Dei
1017 2547 1181 2632 palatium.

199 2629 307 2695 Fortis
321 2631 411 2712 pugil
425 2650 483 2714 pro
498 2637 531 2698 te
545 2633 621 2714 vigil

201 2712 262 2780 Hic
276 2721 400 2796 martyr
414 2717 571 2798 egregius.

148 2803 177 2864 3.
203 2795 264 2874 Qui
280 2798 449 2864 draconem
461 2799 623 2866 interiecit
819 2803 848 2866 5.
876 2799 902 2865 0
919 2798 1048 2881 Georgi,
1062 2797 1158 2864 innde
1195 2813 1295 2875 reces,

203 2881 247 2947 Et
261 2881 417 2947 malorum
432 2881 566 2950 arefecit
877 2881 975 2950 Urbis
989 2887 1065 2948 tuoe
1080 2881 1158 2948 tolle
1172 2816 1276 2978 faeces

202 2965 296 3031 Vires
312 2971 344 3032 et
358 2965 501 3043 insidias,
876 2969 983 3049 Atque
998 2983 1123 3034 omnem
1140 2981 1290 3030 scoriam:

201 3049 597 3132 Regisnatamlibcravit,
876 3049 922 3116 Ut
936 3051 1082 3117 mundati
1097 3055 1129 3116 et
1139 3047 1272 3198 purgati

202 3133 578 3217 Deciiquenonexpavit
876 3135 921 3200 Te
937 3134 1138 3217 ductoreper
1161 3135 1297 3198 urantur

204 3213 541 3301 Minesetpotentias.
875 3218 926 3284 Ad
940 3217 1110 3284 coelestem
1126 3215 1268 3300 gloriam.

216 3340 241 3379 a.
261 3324 355 3380 Text.
392 3329 476 3384 Mona
493 3327 546 3386 No.
565 3331 619 3385 946
638 3331 673 3400 (3,
692 3329 755 3400 319)
785 3345 851 3384 cua:
879 3327 934 3384 Hs.
953 3343 990 3382 aa
1007 3325 1167 3383 Karlsrude
1185 3342 1210 3380 c.
1229 3323 1266 3379 N.
1294 3339 1349 3380 ooo
1375 3323 1447 3376 1439

143 3395 197 3450 mit
215 3396 268 3452 den
286 3395 477 3456 Marcentes.

215 3485 242 3540 b.
261 3484 449 3543 Lcaartcn.
485 3492 511 3560 4,
533 3491 556 3545 1.
574 3489 653 3545 Haec
670 3489 778 3544 cedant
796 3489 939 3560 riodto'pcr.
967 3489 1060 3546 Mons.

144 3573 412 3700 ΒωξὼΒὲηιῙιγέΙι
449 3574 806 3645 „Durchdenddittedrcs'm
824 3579 850 3648 5,
869 3580 886 3632 4
905 3578 1024 3634 cadouin
1041 3577 1102 3632 sinc
1119 3575 1247 3632 reimaro
1263 3573 1341 3630 Zoilo
1358 3575 1383 3643 δ,
1402 3573 1447 3628 d.“

603 3913 673 3978 588.
716 3909 769 3977 Dc
790 3931 815 3980 s.
842 3911 987 3995 Georpr'o.

168 4047 195 4106 1.
214 4039 285 4106 Hoc
299 4039 333 4105 in
347 4037 495 4106 natalitio
891 4043 1204 4111 Iocundeturonimo

216 4123 355 4206 Martyri
370 4121 509 4206 Georgio
891 4128 1035 4211 spiritali
1050 4128 1177 4210 gaudio.

214 4207 342 4274 Laudes
357 4207 461 4275 solvat
475 4227 598 4276 annuas
841 4217 870 4279 3.
889 4211 958 4278 Iste
972 4211 1149 4278 membrum
1164 4211 1278 4295 capitis

215 4289 294 4357 Piae
307 4292 412 4374 plebis
427 4293 578 4359 charitas.
887 4297 1111 4378 Vicemagens
1127 4295 1270 4379 palmitis

888 4381 1081 4447 Fecundatis
1097 4381 1222 4446 sincam

889 4464 1002 4530 Mundi
1017 4463 1112 4530 huius
1125 4483 1235 4531 aream

167 4545 196 4611 2.
215 4541 512 4610 Celebratecclesin
888 4547 1245 4632 Sprevitoumdivitiis,

215 4625 571 4711 Festatumsolemnia,
764 4647 765 4650 ’
886 4631 1000 4699 Dando
1015 4651 1050 4700 sc
1065 4631 1239 4716 suppliciis.
