3210 5230
670 387 708 400 -
753 355 898 418 595-

422 541 492 601 888.
535 535 588 601 De
609 544 717 604 selecto
747 537 904 605 Victorino
924 544 954 604 cl
973 537 1141 615 Flordono.

131 651 304 720 (Florianus
331 653 409 708 erlitt
436 669 482 707 um
500 658 526 708 4.
546 653 612 709 Mat
629 659 684 710 290
710 659 741 712 ia
768 659 818 712 cler
836 657 917 712 Erras
945 657 988 711 bei
1006 655 1102 711 Loren
1125 657 1156 710 in
1174 655 1431 710 Nicclcrdatcrrer'clr

132 725 187 778 dea
204 725 408 796 Martyrcrtod.
438 755 472 766 ·-
504 724 629 780 Wclclrcr
651 727 817 783 Vikterinue
841 731 903 784 hier
920 729 1039 798 pcrnca'nt
1055 729 1104 794 ist,
1124 729 1205 782 aceias
1223 727 1269 782 r'clr
1287 728 1374 796 uiolet,
1393 729 1432 784 ‹ta

132 813 160 850 cs
180 797 371 850 eercclrr'edcne
393 793 506 866 Heila'pc
526 798 615 852 clicaeo
633 797 758 854 Numana
775 801 844 870 piot.
885 800 1030 854 Vicller'clrt
1047 800 1086 854 iot
1104 815 1133 853 cs
1155 799 1204 854 dcl·
1222 797 1347 867 Biaehof
1367 797 1430 852 Vta-

132 869 244 922 tora'nua
271 883 326 922 von
344 867 448 923 Pettau
473 869 504 921 in
523 868 695 926 Stciermart·
723 888 762 926 arr
780 872 830 926 der
848 871 943 938 Drau,
972 872 1022 924 der
1048 871 1080 924 iu
1099 871 1149 925 der
1167 869 1431 925 Diokletionr'aelren

491 939 661 1012 Versolpunp
679 943 722 998 ala
741 941 890 1013 Morlprcr
906 942 1074 1013 pertertare.)

134 1065 161 1124 l.
188 1061 258 1143 Epa
272 1061 356 1126 laete
372 1061 436 1126 iam
451 1066 615 1128 cantemus
805 1069 834 1127 5.
861 1063 983 1130 Charus
998 1063 1067 1126 Deo
1082 1061 1249 1128 Florianus

187 1145 436 1210 Etadmentem
453 1163 637 1212 revocemus
860 1147 940 1212 Toto
956 1145 1127 1212 cordelidc
1144 1163 1240 1212 sanus

188 1227 365 1311 Martyrum
381 1228 572 1294 certamina:
860 1231 937 1298 Sese
952 1235 1066 1312 sponte
1081 1230 1214 1296 obtulit:

187 1313 372 1378 Victorinus
383 1312 444 1377 fide
458 1312 573 1394 plenus
861 1316 960 1380 Fuste
976 1332 1089 1396 nempe
1106 1316 1330 1392 tormentatur,

189 1397 432 1462 Tormentorum
448 1397 525 1463 vicit
539 1416 639 1479 genus
860 1400 947 1465 Diris
959 1397 1052 1464 icrris
1071 1397 1231 1464 laceratur

187 1481 248 1546 Dei
263 1499 320 1564 per
337 1481 506 1546 iuvamina.
859 1483 902 1548 Et
916 1488 1099 1548 constanter
1114 1481 1255 1564 pertulit.

132 1567 161 1628 2.
190 1565 331 1632 Orbatus
346 1565 397 1630 hio
411 1564 600 1645 parentibus
805 1575 833 1635 6.
860 1567 962 1648 Super
977 1572 1104 1646 pontem
1121 1565 1305 1642 collocatur,

187 1649 318 1716 Relictis
333 1649 456 1714 cunctis
471 1650 597 1716 entibus
861 1651 950 1716 Collo
964 1651 1046 1732 lapis
1061 1649 1213 1731 alligatur

188 1733 275 1800 Clam
292 1733 453 1799 desertum
470 1733 557 1798 iniit:
861 1735 939 1802 Eius
954 1740 988 1798 ct
1002 1733 1233 1814 submergitur:

187 1817 279 1894 Quod
295 1818 408 1883 sathan
423 1835 495 1882 mon
512 1817 689 1898 percipiens
860 1820 897 1884 In
913 1836 1089 1883 moerorem
1105 1817 1208 1897 vergit
1222 1817 1316 1893 risus,

186 1901 314 1966 Puellae
329 1901 462 1966 formam
480 1901 614 1966 indueus
862 1901 941 1968 Cum
956 1906 1113 1967 tortorum
1129 1907 1264 1983 crepunt
1279 1901 1366 1965 uisus

186 1986 332 2051 Dulciter
346 1985 430 2050 huuc
445 1985 533 2049 adiit.
861 1989 981 2051 Rumor·
996 1985 1061 2050 late
1076 1986 1246 2066 spergitur.

133 2067 161 2126 3·
189 2069 267 2135 Cum
283 2087 344 2150 quo
360 2075 490 2134 sanctus
506 2069 568 2133 lreu
583 2069 725 2152 peccavit
807 2077 834 2135 7.
862 2071 983 2151 Corpus
999 2087 1038 2133 eu
1052 2071 1141 2134 beati
1156 2070 1231 2134 talis

186 2154 271 2219 Mira
286 2171 388 2236 poena
403 2151 572 2232 castigavit
861 2154 977 2236 Aquila
992 2153 1135 2218 defendit
1150 2151 1210 2218 alis

189 2238 301 2303 Carnis
316 2236 542 2320 petulantiam:
861 2239 888 2303 Α
904 2237 979 2302 ieris
995 2241 1028 2302 et
1043 2235 1170 2302 ovibus:

189 2321 267 2387 Post
286 2341 305 2386 a
319 2322 412 2403 plebe
426 2319 608 2402 postulatur
860 2321 987 2387 Laudat
1001 2322 1103 2386 Deum
1119 2337 1201 2385 niune
1215 2320 1247 2384 in
1264 2319 1361 2385 coelis

188 2406 231 2470 Et
246 2405 292 2470 sic
307 2405 435 2488 praesul
456 2410 659 2470 consecratur
861 2407 955 2471 Miles
970 2405 1110 2486 prudens
1125 2408 1158 2469 et
1172 2403 1275 2469 fidelis

188 2489 303 2554 Vitans
319 2489 543 2570 arrogantiam.
863 2489 1179 2555 Canticissuavibus.

132 2573 161 2630 4.
189 2573 271 2638 Hinc
286 2579 421 2654 tyranno
436 2577 669 2656 praesentatur,
807 2579 835 2637 8.
863 2573 1026 2638 Victorino
1042 2573 1200 2651 Floriana,

188 2657 324 2723 iubetis
341 2663 376 2722 ut
391 2656 607 2738 suspendatur·
862 2657 910 2722 Ne
925 2657 977 2722 hic
991 2657 1174 2722 laboremus
1191 2673 1282 2733 vanc,

189 2741 307 2806 Locum
323 2760 418 2823 super
432 2741 595 2822 putridum
609 2759 616 2802 :
862 2742 929 2806 Vos
944 2759 1072 2806 oramus
1088 2739 1264 2822 supplices:

189 2825 314 2890 Erectis
329 2843 454 2890 sursum
473 2821 609 2904 pedibus
862 2823 904 2888 Et
918 2829 954 2889 ut
970 2824 1061 2889 nobis
1073 2841 1144 2888 cum
1160 2821 1261 2886 beatis

187 2909 304 2973 Unitur·
320 2909 398 2974 coeli
414 2907 545 2974 sedibus
862 2907 909 2971 De
925 2907 1076 2972 thesauro
1093 2906 1269 2972 maiestatis

189 2993 315 3058 Sertum
331 2993 436 3058 iereus
451 2989 608 3056 floridum.
862 2993 984 3056 Dentur
1001 2992 1092 3056 dotes
1109 2989 1260 3074 duplices

205 3100 297 3156 Text.
334 3100 392 3156 Dic
410 3101 534 3170 Sequens
552 3099 625 3154 atclrt
644 3097 715 3154 auctu
734 3099 764 3152 a'n
784 3099 844 3152 dero
863 3097 1088 3154 Mttaeteriaelaeu
1104 3098 1244 3156 Gradualc
1262 3113 1317 3152 von
1337 3097 1414 3152 1536.

683 3285 813 3292 Λ-..μ-..ηὴ
819 3285 883 3292 ..u-nn,

397 3429 468 3490 889.
510 3423 562 3490 Dc
583 3431 693 3491 sonmo
717 3425 834 3492 Cceilio
854 3425 976 3507 ereptae
997 3422 1173 3506 Sequerrtiu.

136 3580 150 3638 1
191 3569 360 3649 virginum
376 3575 481 3633 rector
863 3565 907 3631 Et
926 3565 1132 3631 Valerianum

191 3653 334 3734 Virginis
349 3651 431 3716 festo
864 3651 1225 3731 Suumqucgerrnanum

190 3737 268 3803 Pius
284 3739 445 3818 protector
596 3759 597 3763 ¹
863 3735 984 3801 Ambos
998 3732 1193 3799 convertisti.

191 3821 318 3887 Miseria
334 3827 411 3886 esto.

133 3913 164 3972 2.
191 3903 237 3970 Ut
252 3905 473 3970 collaudantes
484 3903 584 3967 Deum
598 3904 716 3968 trinum
728 3909 761 3968 et

232 4008 330 4054 unum
807 3987 836 4048 4.
863 3984 889 4050 Ο
905 3982 963 4048 flos
978 3983 1143 4064 virginalis

191 4072 350 4138 Auxilium
361 4072 536 4136 sentiamus
548 4075 761 4154 opportunum
863 4068 989 4149 Martyr
1003 4065 1149 4148 specialis
1210 4148 1216 4162 Ι

192 4157 254 4222 Per
268 4173 380 4237 preces
396 4155 546 4220 Ceciliae:
863 4151 952 4228 Quae
968 4169 1083 4232 sponse
1100 4151 1180 4214 dans
1198 4149 1291 4214 ladem

191 4241 280 4317 Quae
292 4258 409 4322 sponsa
421 4239 541 4304 Christi
554 4239 680 4322 nuptias
692 4257 760 4303 car·
863 4236 907 4302 'le
922 4237 1055 4315 iungens
1071 4233 1174 4298 eidem

232 4325 322 4390 nales
863 4322 1056 4400 Sanguinem
1072 4335 1130 4398 per
1146 4317 1326 4398 preprium:

193 4407 263 4474 cito
279 4407 416 4473 mutavit
429 4409 462 4471 in
478 4406 647 4490 spiritales
864 4403 1008 4468 Prudens
1023 4402 1186 4482 vigilatrix

192 4492 219 4556 Ο
234 4492 342 4557 leliccs
357 4491 498 4571 nuptiae.
864 4491 950 4554 Vera
965 4486 1153 4552 seminatrix

137 4587 165 4646 3.
192 4577 291 4658 Virgo
307 4576 375 4641 Deo
391 4580 484 4656 grata
865 4574 927 4637 Per
941 4571 1096 4635 seminum
1111 4567 1235 4633 fructus

193 4659 315 4741 Sponso
332 4659 482 4725 adamata
865 4657 1000 4721 Nostros
1015 4660 1105 4720 verte
1118 4653 1225 4717 luctus

192 4744 344 4810 luvenem
359 4741 597 4826 contempsisti:
864 4741 902 4806 ln
917 4757 1055 4823 perenne
1072 4736 1236 4900 gaudigmss

1187 4841 1207 4902 8
