<?xml version="1.0" encoding="UTF-8"?>
<!DOCTYPE html PUBLIC "-//W3C//DTD XHTML 1.0 Transitional//EN"
    "http://www.w3.org/TR/xhtml1/DTD/xhtml1-transitional.dtd">
<html xmlns="http://www.w3.org/1999/xhtml" xml:lang="en" lang="en">
 <head>
  <title>
</title>
<meta http-equiv="Content-Type" content="text/html;charset=utf-8" />
  <meta name='ocr-system' content='tesseract 3.04.00' />
  <meta name='ocr-capabilities' content='ocr_page ocr_carea ocr_par ocr_line ocrx_word'/>
</head>
<body>
  <div class='ocr_page' id='page_1' title='image "./lateinischesequ02kehrgoog_0158.png"; bbox 0 0 3218 5234; ppageno 0'>
   <div class='ocr_carea' id='block_1_1' title="bbox 0 1803 3 2516">
    <p class='ocr_par' dir='ltr' id='par_1_1' title="bbox 0 1803 3 2516">
     <span class='ocr_line' id='line_1_1' title="bbox 0 1803 3 2516; baseline 0 0"><span class='ocrx_word' id='word_1_1' title='bbox 0 1803 3 2516; x_wconf 95' lang='lat' dir='ltr'> </span> 
     </span>
    </p>
   </div>
   <div class='ocr_carea' id='block_1_2' title="bbox 654 169 883 236">
    <p class='ocr_par' dir='ltr' id='par_1_2' title="bbox 654 169 883 236">
     <span class='ocr_line' id='line_1_2' title="bbox 654 169 883 236; baseline 0 0"><span class='ocrx_word' id='word_1_2' title='bbox 654 169 883 236; x_wconf 80' lang='lat'>-141-</span> 
     </span>
    </p>
   </div>
   <div class='ocr_carea' id='block_1_3' title="bbox 120 347 1331 772">
    <p class='ocr_par' dir='ltr' id='par_1_3' title="bbox 120 347 1331 772">
     <span class='ocr_line' id='line_1_3' title="bbox 120 347 1209 420; baseline -0.004 -2"><span class='ocrx_word' id='word_1_3' title='bbox 120 360 147 420; x_wconf 79' lang='grc'><strong>4.</strong></span> <span class='ocrx_word' id='word_1_4' title='bbox 172 352 220 418; x_wconf 85' lang='lat' dir='ltr'>Et</span> <span class='ocrx_word' id='word_1_5' title='bbox 234 369 295 418; x_wconf 87' lang='lat' dir='ltr'>nos</span> <span class='ocrx_word' id='word_1_6' title='bbox 309 350 526 418; x_wconf 85' lang='lat' dir='ltr'>reconciliavit</span> <span class='ocrx_word' id='word_1_7' title='bbox 851 351 966 418; x_wconf 85' lang='lat' dir='ltr'>Pestes</span> <span class='ocrx_word' id='word_1_8' title='bbox 980 353 1014 416; x_wconf 87' lang='lat' dir='ltr'>et</span> <span class='ocrx_word' id='word_1_9' title='bbox 1027 347 1209 415; x_wconf 89' lang='lat' dir='ltr'>daemonia:</span> 
     </span>
     <span class='ocr_line' id='line_1_4' title="bbox 173 431 1260 517; baseline -0.003 -16"><span class='ocrx_word' id='word_1_10' title='bbox 173 434 331 517; x_wconf 82' lang='lat' dir='ltr'><strong>Angelus,</strong></span> <span class='ocrx_word' id='word_1_11' title='bbox 346 454 418 501; x_wconf 90' lang='lat' dir='ltr'>cum</span> <span class='ocrx_word' id='word_1_12' title='bbox 434 435 480 500; x_wconf 87' lang='lat' dir='ltr'>sic</span> <span class='ocrx_word' id='word_1_13' title='bbox 493 435 630 502; x_wconf 86' lang='lat' dir='ltr'>mutauit</span> <span class='ocrx_word' id='word_1_14' title='bbox 851 433 983 501; x_wconf 85' lang='lat' dir='ltr'>Gabriel</span> <span class='ocrx_word' id='word_1_15' title='bbox 997 435 1052 516; x_wconf 86' lang='lat' dir='ltr'>qui</span> <span class='ocrx_word' id='word_1_16' title='bbox 1068 431 1260 500; x_wconf 75' lang='lat' dir='ltr'><strong>descendisti</strong></span> 
     </span>
     <span class='ocr_line' id='line_1_5' title="bbox 173 513 1312 586; baseline -0.004 -2"><span class='ocrx_word' id='word_1_17' title='bbox 173 519 342 585; x_wconf 90' lang='lat' dir='ltr'>Tenebras</span> <span class='ocrx_word' id='word_1_18' title='bbox 355 519 389 584; x_wconf 91' lang='lat' dir='ltr'>in</span> <span class='ocrx_word' id='word_1_19' title='bbox 403 517 540 585; x_wconf 87' lang='lat' dir='ltr'>lumina:</span> <span class='ocrx_word' id='word_1_20' title='bbox 852 517 933 584; x_wconf 81' lang='lat' dir='ltr'>Cum</span> <span class='ocrx_word' id='word_1_21' title='bbox 947 517 1053 586; x_wconf 90' lang='lat' dir='ltr'>salute</span> <span class='ocrx_word' id='word_1_22' title='bbox 1067 533 1178 584; x_wconf 88' lang='lat' dir='ltr'>servos</span> <span class='ocrx_word' id='word_1_23' title='bbox 1193 513 1312 582; x_wconf 87' lang='lat' dir='ltr'>Christi</span> 
     </span>
     <span class='ocr_line' id='line_1_6' title="bbox 172 601 1331 683; baseline -0.006 -15"><span class='ocrx_word' id='word_1_24' title='bbox 172 603 227 669; x_wconf 82' lang='lat' dir='ltr'>Ab</span> <span class='ocrx_word' id='word_1_25' title='bbox 243 602 586 683; x_wconf 82' lang='lat' dir='ltr'>adversisnoserelle,</span> <span class='ocrx_word' id='word_1_26' title='bbox 854 601 1191 672; x_wconf 88' lang='lat' dir='ltr'>Ducasadooelestia.</span> <span class='ocrx_word' id='word_1_27' title='bbox 1220 601 1331 666; x_wconf 80' lang='lat' dir='ltr'>Amen.</span> 
     </span>
     <span class='ocr_line' id='line_1_7' title="bbox 171 686 591 772; baseline 0.005 -20"><span class='ocrx_word' id='word_1_28' title='bbox 171 686 264 753; x_wconf 83' lang='lat' dir='ltr'>Sana</span> <span class='ocrx_word' id='word_1_29' title='bbox 280 687 406 755; x_wconf 82' lang='lat' dir='ltr'>morbos</span> <span class='ocrx_word' id='word_1_30' title='bbox 421 692 454 754; x_wconf 91' lang='lat' dir='ltr'>ct</span> <span class='ocrx_word' id='word_1_31' title='bbox 467 687 591 772; x_wconf 83' lang='lat' dir='ltr'>expelle</span> 
     </span>
    </p>
   </div>
   <div class='ocr_carea' id='block_1_4' title="bbox 187 795 706 855">
    <p class='ocr_par' dir='ltr' id='par_1_4' title="bbox 187 795 706 855">
     <span class='ocr_line' id='line_1_8' title="bbox 187 795 706 855; baseline 0.002 -5"><span class='ocrx_word' id='word_1_32' title='bbox 187 795 288 852; x_wconf 76' lang='lat' dir='ltr'>Text.</span> <span class='ocrx_word' id='word_1_33' title='bbox 324 797 404 854; x_wconf 82' lang='grc'><strong>11111.</strong></span> <span class='ocrx_word' id='word_1_34' title='bbox 421 795 501 855; x_wconf 79' lang='lat' dir='ltr'>trata</span> <span class='ocrx_word' id='word_1_35' title='bbox 520 797 608 854; x_wconf 85' lang='lat' dir='ltr'>Paria.</span> <span class='ocrx_word' id='word_1_36' title='bbox 629 799 706 855; x_wconf 78' lang='lat'><strong>1620.</strong></span> 
     </span>
    </p>
   </div>
   <div class='ocr_carea' id='block_1_5' title="bbox 444 1093 1107 1178">
    <p class='ocr_par' dir='ltr' id='par_1_5' title="bbox 444 1093 1107 1178">
     <span class='ocr_line' id='line_1_9' title="bbox 444 1093 1107 1178; baseline -0.003 -16"><span class='ocrx_word' id='word_1_37' title='bbox 444 1099 513 1162; x_wconf 84' lang='lat'><strong>175.</strong></span> <span class='ocrx_word' id='word_1_38' title='bbox 556 1093 608 1161; x_wconf 87' lang='lat' dir='ltr'>De</span> <span class='ocrx_word' id='word_1_39' title='bbox 628 1095 732 1162; x_wconf 76' lang='grc'><strong>111111</strong></span> <span class='ocrx_word' id='word_1_40' title='bbox 753 1095 884 1162; x_wconf 71' lang='lat' dir='ltr'>Manae</span> <span class='ocrx_word' id='word_1_41' title='bbox 904 1095 1107 1178; x_wconf 74' lang='lat' dir='ltr'>conceptione.</span> 
     </span>
    </p>
   </div>
   <div class='ocr_carea' id='block_1_6' title="bbox 113 1229 1355 2744">
    <p class='ocr_par' dir='ltr' id='par_1_6' title="bbox 115 1229 1208 1311">
     <span class='ocr_line' id='line_1_10' title="bbox 115 1229 1208 1311; baseline -0.001 -14"><span class='ocrx_word' id='word_1_42' title='bbox 115 1238 146 1297; x_wconf 92' lang='grc'>1.</span> <span class='ocrx_word' id='word_1_43' title='bbox 174 1230 352 1297; x_wconf 77' lang='lat' dir='ltr'>Gratulare</span> <span class='ocrx_word' id='word_1_44' title='bbox 388 1229 458 1296; x_wconf 91' lang='lat' dir='ltr'>lebs</span> <span class='ocrx_word' id='word_1_45' title='bbox 472 1229 618 1296; x_wconf 88' lang='lat' dir='ltr'>modesta</span> <span class='ocrx_word' id='word_1_46' title='bbox 852 1230 934 1296; x_wconf 87' lang='lat' dir='ltr'>Nan</span> <span class='ocrx_word' id='word_1_47' title='bbox 949 1231 1004 1298; x_wconf 91' lang='lat' dir='ltr'>ubi</span> <span class='ocrx_word' id='word_1_48' title='bbox 1019 1229 1079 1295; x_wconf 91' lang='lat' dir='ltr'>Dei</span> <span class='ocrx_word' id='word_1_49' title='bbox 1093 1229 1208 1311; x_wconf 71' lang='grc'><strong>111111,</strong></span> 
     </span>
    </p>

    <p class='ocr_par' dir='ltr' id='par_1_7' title="bbox 172 1249 1316 1562">
     <span class='ocr_line' id='line_1_11' title="bbox 172 1249 1298 1408; baseline -0.004 -28"><span class='ocrx_word' id='word_1_50' title='bbox 172 1315 220 1380; x_wconf 87' lang='grc' dir='ltr'>Ε1</span> <span class='ocrx_word' id='word_1_51' title='bbox 235 1249 407 1397; x_wconf 54' lang='lat' dir='ltr'>conceptfla</span> <span class='ocrx_word' id='word_1_52' title='bbox 421 1314 489 1378; x_wconf 89' lang='lat' dir='ltr'>cole</span> <span class='ocrx_word' id='word_1_53' title='bbox 506 1312 599 1396; x_wconf 89' lang='lat' dir='ltr'>lesta,</span> <span class='ocrx_word' id='word_1_54' title='bbox 851 1313 919 1380; x_wconf 87' lang='lat' dir='ltr'>Lon</span> <span class='ocrx_word' id='word_1_55' title='bbox 935 1318 983 1380; x_wconf 85' lang='lat' dir='ltr'>est</span> <span class='ocrx_word' id='word_1_56' title='bbox 998 1315 1109 1398; x_wconf 90' lang='lat' dir='ltr'>culpae</span> <span class='ocrx_word' id='word_1_57' title='bbox 1125 1313 1264 1378; x_wconf 91' lang='lat' dir='ltr'>miseria.</span> <span class='ocrx_word' id='word_1_58' title='bbox 1291 1395 1298 1408; x_wconf 93' lang='lat'><strong>.</strong></span> 
     </span>
     <span class='ocr_line' id='line_1_12' title="bbox 172 1397 1316 1480; baseline -0.006 -14"><span class='ocrx_word' id='word_1_59' title='bbox 172 1399 260 1466; x_wconf 86' lang='lat' dir='ltr'>Nam</span> <span class='ocrx_word' id='word_1_60' title='bbox 274 1397 396 1464; x_wconf 84' lang='lat' dir='ltr'>Mariae</span> <span class='ocrx_word' id='word_1_61' title='bbox 411 1398 573 1480; x_wconf 72' lang='lat' dir='ltr'>conceptio</span> <span class='ocrx_word' id='word_1_62' title='bbox 797 1401 826 1462; x_wconf 90' lang='grc'>6.</span> <span class='ocrx_word' id='word_1_63' title='bbox 852 1397 919 1464; x_wconf 87' lang='lat' dir='ltr'>Nec</span> <span class='ocrx_word' id='word_1_64' title='bbox 955 1402 1102 1464; x_wconf 89' lang='lat' dir='ltr'>arentum</span> <span class='ocrx_word' id='word_1_65' title='bbox 1117 1398 1210 1480; x_wconf 87' lang='lat' dir='ltr'>culpa</span> <span class='ocrx_word' id='word_1_66' title='bbox 1222 1397 1316 1462; x_wconf 82' lang='lat' dir='ltr'>laesrt</span> 
     </span>
     <span class='ocr_line' id='line_1_13' title="bbox 175 1419 1240 1562; baseline -0.001 -14"><span class='ocrx_word' id='word_1_67' title='bbox 175 1481 305 1548; x_wconf 87' lang='lat' dir='ltr'>Sanctis</span> <span class='ocrx_word' id='word_1_68' title='bbox 320 1487 371 1548; x_wconf 87' lang='lat' dir='ltr'>est</span> <span class='ocrx_word' id='word_1_69' title='bbox 386 1482 571 1562; x_wconf 91' lang='lat' dir='ltr'>gratulatio.</span> <span class='ocrx_word' id='word_1_70' title='bbox 852 1480 911 1548; x_wconf 85' lang='lat' dir='ltr'>Oui</span> <span class='ocrx_word' id='word_1_71' title='bbox 924 1419 1013 1550; x_wconf 60' lang='lat' dir='ltr'>Beue</span> <span class='ocrx_word' id='word_1_72' title='bbox 1027 1483 1072 1550; x_wconf 88' lang='lat' dir='ltr'>sic</span> <span class='ocrx_word' id='word_1_73' title='bbox 1085 1481 1240 1562; x_wconf 85' lang='lat' dir='ltr'>adhaesit,</span> 
     </span>
    </p>

    <p class='ocr_par' dir='ltr' id='par_1_8' title="bbox 113 1565 1246 1900">
     <span class='ocr_line' id='line_1_14' title="bbox 113 1565 1234 1650; baseline -0.001 -20"><span class='ocrx_word' id='word_1_74' title='bbox 113 1571 147 1630; x_wconf 84' lang='lat'>2.</span> <span class='ocrx_word' id='word_1_75' title='bbox 173 1567 269 1632; x_wconf 90' lang='lat' dir='ltr'>Hanc</span> <span class='ocrx_word' id='word_1_76' title='bbox 285 1566 383 1648; x_wconf 86' lang='lat' dir='ltr'>elegit</span> <span class='ocrx_word' id='word_1_77' title='bbox 396 1565 483 1632; x_wconf 86' lang='lat' dir='ltr'>Deus</span> <span class='ocrx_word' id='word_1_78' title='bbox 497 1571 599 1648; x_wconf 81' lang='lat' dir='ltr'>pater,</span> <span class='ocrx_word' id='word_1_79' title='bbox 852 1565 1036 1650; x_wconf 82' lang='lat' dir='ltr'>Utexipsa</span> <span class='ocrx_word' id='word_1_80' title='bbox 1049 1570 1234 1634; x_wconf 90' lang='lat' dir='ltr'>nasceretur</span> 
     </span>
     <span class='ocr_line' id='line_1_15' title="bbox 174 1649 1246 1728; baseline -0.002 -14"><span class='ocrx_word' id='word_1_81' title='bbox 174 1649 560 1728; x_wconf 86' lang='lat' dir='ltr'>Utfieretverbimater,</span> <span class='ocrx_word' id='word_1_82' title='bbox 850 1649 893 1716; x_wconf 84' lang='lat' dir='ltr'>Et</span> <span class='ocrx_word' id='word_1_83' title='bbox 908 1650 954 1716; x_wconf 90' lang='lat' dir='ltr'>sic</span> <span class='ocrx_word' id='word_1_84' title='bbox 968 1669 1042 1716; x_wconf 90' lang='lat' dir='ltr'>reus</span> <span class='ocrx_word' id='word_1_85' title='bbox 1057 1651 1246 1716; x_wconf 87' lang='lat' dir='ltr'>salvaretur.</span> 
     </span>
     <span class='ocr_line' id='line_1_16' title="bbox 172 1733 1224 1818; baseline -0.004 -18"><span class='ocrx_word' id='word_1_86' title='bbox 172 1735 313 1818; x_wconf 84' lang='lat' dir='ltr'>Exque,</span> <span class='ocrx_word' id='word_1_87' title='bbox 328 1752 386 1817; x_wconf 89' lang='lat' dir='ltr'>per</span> <span class='ocrx_word' id='word_1_88' title='bbox 400 1734 485 1815; x_wconf 89' lang='lat' dir='ltr'>quod</span> <span class='ocrx_word' id='word_1_89' title='bbox 502 1733 609 1800; x_wconf 91' lang='lat' dir='ltr'>omnia</span> <span class='ocrx_word' id='word_1_90' title='bbox 796 1738 824 1796; x_wconf 89' lang='grc'><strong>7.</strong></span> <span class='ocrx_word' id='word_1_91' title='bbox 850 1733 941 1800; x_wconf 87' lang='lat' dir='ltr'>Iuste</span> <span class='ocrx_word' id='word_1_92' title='bbox 955 1735 1076 1816; x_wconf 83' lang='lat' dir='ltr'>gaudet</span> <span class='ocrx_word' id='word_1_93' title='bbox 1089 1733 1224 1800; x_wconf 87' lang='lat' dir='ltr'>ecclesia</span> 
     </span>
     <span class='ocr_line' id='line_1_17' title="bbox 175 1817 1243 1900; baseline -0.003 -16"><span class='ocrx_word' id='word_1_94' title='bbox 175 1819 347 1898; x_wconf 88' lang='lat' dir='ltr'>Goelestia,</span> <span class='ocrx_word' id='word_1_95' title='bbox 361 1819 538 1884; x_wconf 86' lang='lat' dir='ltr'>terrestria.</span> <span class='ocrx_word' id='word_1_96' title='bbox 852 1817 967 1885; x_wconf 87' lang='lat' dir='ltr'>Oolens</span> <span class='ocrx_word' id='word_1_97' title='bbox 982 1818 1095 1883; x_wconf 89' lang='lat' dir='ltr'>salutis</span> <span class='ocrx_word' id='word_1_98' title='bbox 1109 1817 1243 1900; x_wconf 80' lang='lat' dir='ltr'>gaudia3</span> 
     </span>
    </p>

    <p class='ocr_par' dir='ltr' id='par_1_9' title="bbox 114 1899 1322 2237">
     <span class='ocr_line' id='line_1_18' title="bbox 114 1899 1322 1984; baseline -0.004 -16"><span class='ocrx_word' id='word_1_99' title='bbox 114 1909 147 1967; x_wconf 86' lang='lat'>3.</span> <span class='ocrx_word' id='word_1_100' title='bbox 176 1902 269 1968; x_wconf 86' lang='lat' dir='ltr'>Sient</span> <span class='ocrx_word' id='word_1_101' title='bbox 282 1909 387 1968; x_wconf 85' lang='lat' dir='ltr'>ortum</span> <span class='ocrx_word' id='word_1_102' title='bbox 402 1901 571 1984; x_wconf 86' lang='lat' dir='ltr'>ordinavit,</span> <span class='ocrx_word' id='word_1_103' title='bbox 853 1901 913 1980; x_wconf 84' lang='lat' dir='ltr'>Qui</span> <span class='ocrx_word' id='word_1_104' title='bbox 928 1919 990 1968; x_wconf 92' lang='lat' dir='ltr'>nou</span> <span class='ocrx_word' id='word_1_105' title='bbox 1006 1901 1127 1984; x_wconf 87' lang='lat' dir='ltr'>gaudet</span> <span class='ocrx_word' id='word_1_106' title='bbox 1144 1899 1322 1978; x_wconf 84' lang='lat' dir='ltr'>erubescat,</span> 
     </span>
     <span class='ocr_line' id='line_1_19' title="bbox 175 1985 1241 2070; baseline 0 -18"><span class='ocrx_word' id='word_1_107' title='bbox 175 1986 231 2054; x_wconf 88' lang='lat' dir='ltr'>Sic</span> <span class='ocrx_word' id='word_1_108' title='bbox 246 1993 432 2070; x_wconf 89' lang='lat' dir='ltr'>conceptum</span> <span class='ocrx_word' id='word_1_109' title='bbox 451 1989 664 2069; x_wconf 84' lang='lat' dir='ltr'>praepararit,</span> <span class='ocrx_word' id='word_1_110' title='bbox 852 1985 1048 2052; x_wconf 87' lang='lat' dir='ltr'>Poenitendo</span> <span class='ocrx_word' id='word_1_111' title='bbox 1063 1985 1241 2052; x_wconf 80' lang='lat' dir='ltr'>hilarescet.</span> 
     </span>
     <span class='ocr_line' id='line_1_20' title="bbox 177 2068 1240 2154; baseline -0.003 -18"><span class='ocrx_word' id='word_1_112' title='bbox 177 2071 299 2136; x_wconf 79' lang='lat' dir='ltr'>Creone</span> <span class='ocrx_word' id='word_1_113' title='bbox 313 2071 374 2136; x_wconf 90' lang='lat' dir='ltr'>Dei</span> <span class='ocrx_word' id='word_1_114' title='bbox 388 2071 532 2154; x_wconf 89' lang='lat' dir='ltr'>potentia</span> <span class='ocrx_word' id='word_1_115' title='bbox 795 2072 825 2132; x_wconf 86' lang='grc'><strong>8.</strong></span> <span class='ocrx_word' id='word_1_116' title='bbox 852 2071 896 2138; x_wconf 88' lang='grc' dir='ltr'>Ε1</span> <span class='ocrx_word' id='word_1_117' title='bbox 910 2070 1073 2136; x_wconf 89' lang='lat' dir='ltr'>nobiscum</span> <span class='ocrx_word' id='word_1_118' title='bbox 1089 2071 1173 2136; x_wconf 90' lang='lat' dir='ltr'>colat</span> <span class='ocrx_word' id='word_1_119' title='bbox 1187 2068 1240 2152; x_wconf 90' lang='lat' dir='ltr'>pie</span> 
     </span>
     <span class='ocr_line' id='line_1_21' title="bbox 175 2153 1244 2237; baseline -0.002 -15"><span class='ocrx_word' id='word_1_120' title='bbox 175 2156 312 2222; x_wconf 85' lang='lat' dir='ltr'>Mariam</span> <span class='ocrx_word' id='word_1_121' title='bbox 327 2154 454 2236; x_wconf 91' lang='lat' dir='ltr'>plenam</span> <span class='ocrx_word' id='word_1_122' title='bbox 469 2154 584 2236; x_wconf 89' lang='lat' dir='ltr'>gratia.</span> <span class='ocrx_word' id='word_1_123' title='bbox 852 2153 1098 2237; x_wconf 85' lang='lat' dir='ltr'>Conceptionem</span> <span class='ocrx_word' id='word_1_124' title='bbox 1112 2155 1244 2233; x_wconf 85' lang='lat' dir='ltr'>Mariae,</span> 
     </span>
    </p>

    <p class='ocr_par' dir='ltr' id='par_1_10' title="bbox 115 2235 1346 2576">
     <span class='ocr_line' id='line_1_22' title="bbox 115 2235 1346 2321; baseline 0.002 -21"><span class='ocrx_word' id='word_1_125' title='bbox 115 2240 147 2300; x_wconf 88' lang='grc'>4.</span> <span class='ocrx_word' id='word_1_126' title='bbox 175 2241 212 2307; x_wconf 91' lang='lat' dir='ltr'>Si</span> <span class='ocrx_word' id='word_1_127' title='bbox 225 2239 355 2305; x_wconf 86' lang='lat' dir='ltr'>fuerunt</span> <span class='ocrx_word' id='word_1_128' title='bbox 368 2238 530 2320; x_wconf 81' lang='lat' dir='ltr'>genitores</span> <span class='ocrx_word' id='word_1_129' title='bbox 850 2240 912 2306; x_wconf 91' lang='lat' dir='ltr'>Per</span> <span class='ocrx_word' id='word_1_130' title='bbox 928 2257 1022 2321; x_wconf 89' lang='lat' dir='ltr'>quam</span> <span class='ocrx_word' id='word_1_131' title='bbox 1037 2239 1125 2305; x_wconf 89' lang='lat' dir='ltr'>uenit</span> <span class='ocrx_word' id='word_1_132' title='bbox 1138 2243 1234 2304; x_wconf 89' lang='lat' dir='ltr'>natus</span> <span class='ocrx_word' id='word_1_133' title='bbox 1247 2235 1346 2316; x_wconf 87' lang='lat' dir='ltr'>Deus,</span> 
     </span>
     <span class='ocr_line' id='line_1_23' title="bbox 175 2323 1324 2407; baseline -0.003 -16"><span class='ocrx_word' id='word_1_134' title='bbox 175 2325 215 2391; x_wconf 92' lang='lat' dir='ltr'>In</span> <span class='ocrx_word' id='word_1_135' title='bbox 231 2328 385 2405; x_wconf 89' lang='lat' dir='ltr'>conceptu</span> <span class='ocrx_word' id='word_1_136' title='bbox 400 2329 591 2407; x_wconf 89' lang='lat' dir='ltr'>peccatores,</span> <span class='ocrx_word' id='word_1_137' title='bbox 851 2323 914 2389; x_wconf 89' lang='lat' dir='ltr'>Per</span> <span class='ocrx_word' id='word_1_138' title='bbox 928 2341 1023 2405; x_wconf 87' lang='lat' dir='ltr'>quarn</span> <span class='ocrx_word' id='word_1_139' title='bbox 1037 2324 1117 2390; x_wconf 85' lang='lat' dir='ltr'>vivit</span> <span class='ocrx_word' id='word_1_140' title='bbox 1130 2323 1226 2388; x_wconf 88' lang='lat' dir='ltr'>homo</span> <span class='ocrx_word' id='word_1_141' title='bbox 1239 2337 1324 2388; x_wconf 90' lang='lat' dir='ltr'>reus.</span> 
     </span>
     <span class='ocr_line' id='line_1_24' title="bbox 175 2405 1249 2491; baseline 0 -19"><span class='ocrx_word' id='word_1_142' title='bbox 175 2407 239 2485; x_wconf 85' lang='lat' dir='ltr'>Qui</span> <span class='ocrx_word' id='word_1_143' title='bbox 252 2406 415 2472; x_wconf 79' lang='lat' dir='ltr'>scetantur</span> <span class='ocrx_word' id='word_1_144' title='bbox 429 2415 521 2490; x_wconf 86' lang='lat' dir='ltr'>patre</span> <span class='ocrx_word' id='word_1_145' title='bbox 536 2407 637 2490; x_wconf 91' lang='lat' dir='ltr'>prino</span> <span class='ocrx_word' id='word_1_146' title='bbox 796 2405 826 2468; x_wconf 86' lang='grc'><strong>9.</strong></span> <span class='ocrx_word' id='word_1_147' title='bbox 852 2408 946 2474; x_wconf 83' lang='lat' dir='ltr'>Aluna</span> <span class='ocrx_word' id='word_1_148' title='bbox 959 2407 1060 2490; x_wconf 85' lang='lat' dir='ltr'>virgo,</span> <span class='ocrx_word' id='word_1_149' title='bbox 1078 2426 1135 2491; x_wconf 91' lang='lat' dir='ltr'>per</span> <span class='ocrx_word' id='word_1_150' title='bbox 1149 2407 1249 2472; x_wconf 89' lang='lat' dir='ltr'>lilium</span> 
     </span>
     <span class='ocr_line' id='line_1_25' title="bbox 175 2491 1254 2576; baseline -0.003 -18"><span class='ocrx_word' id='word_1_151' title='bbox 175 2493 225 2558; x_wconf 91' lang='lat' dir='ltr'>De</span> <span class='ocrx_word' id='word_1_152' title='bbox 240 2491 450 2574; x_wconf 86' lang='lat' dir='ltr'>corruptionis</span> <span class='ocrx_word' id='word_1_153' title='bbox 462 2491 549 2558; x_wconf 91' lang='lat' dir='ltr'>limo.</span> <span class='ocrx_word' id='word_1_154' title='bbox 852 2493 919 2560; x_wconf 87' lang='lat' dir='ltr'>Nos</span> <span class='ocrx_word' id='word_1_155' title='bbox 936 2492 1039 2560; x_wconf 87' lang='lat' dir='ltr'>deduc</span> <span class='ocrx_word' id='word_1_156' title='bbox 1052 2510 1111 2576; x_wconf 89' lang='lat' dir='ltr'>per</span> <span class='ocrx_word' id='word_1_157' title='bbox 1125 2491 1254 2558; x_wconf 88' lang='lat' dir='ltr'>exilium</span> 
     </span>
    </p>

    <p class='ocr_par' dir='ltr' id='par_1_11' title="bbox 117 2575 1355 2744">
     <span class='ocr_line' id='line_1_26' title="bbox 117 2575 1262 2658; baseline -0.007 -10"><span class='ocrx_word' id='word_1_158' title='bbox 117 2587 147 2648; x_wconf 82' lang='lat'>5.</span> <span class='ocrx_word' id='word_1_159' title='bbox 177 2577 254 2643; x_wconf 91' lang='lat' dir='ltr'>Ideo</span> <span class='ocrx_word' id='word_1_160' title='bbox 269 2576 328 2641; x_wconf 90' lang='lat' dir='ltr'>Dei</span> <span class='ocrx_word' id='word_1_161' title='bbox 343 2576 450 2658; x_wconf 86' lang='lat' dir='ltr'>gratia</span> <span class='ocrx_word' id='word_1_162' title='bbox 851 2575 900 2642; x_wconf 87' lang='lat' dir='ltr'>Ad</span> <span class='ocrx_word' id='word_1_163' title='bbox 916 2577 1082 2644; x_wconf 88' lang='lat' dir='ltr'>stellarum</span> <span class='ocrx_word' id='word_1_164' title='bbox 1096 2575 1262 2656; x_wconf 87' lang='lat' dir='ltr'>palatium,</span> 
     </span>
     <span class='ocr_line' id='line_1_27' title="bbox 177 2657 1355 2744; baseline -0.005 -18"><span class='ocrx_word' id='word_1_165' title='bbox 177 2661 249 2726; x_wconf 88' lang='lat' dir='ltr'>Non</span> <span class='ocrx_word' id='word_1_166' title='bbox 264 2664 426 2742; x_wconf 82' lang='lat' dir='ltr'>gravatur,</span> <span class='ocrx_word' id='word_1_167' title='bbox 441 2678 500 2726; x_wconf 90' lang='lat' dir='ltr'>nee</span> <span class='ocrx_word' id='word_1_168' title='bbox 514 2659 628 2739; x_wconf 87' lang='lat' dir='ltr'>Maria,</span> <span class='ocrx_word' id='word_1_169' title='bbox 851 2659 917 2728; x_wconf 92' lang='lat' dir='ltr'>Ubi</span> <span class='ocrx_word' id='word_1_170' title='bbox 931 2679 993 2744; x_wconf 87' lang='lat' dir='ltr'>pax</span> <span class='ocrx_word' id='word_1_171' title='bbox 1008 2664 1042 2725; x_wconf 87' lang='lat' dir='ltr'>et</span> <span class='ocrx_word' id='word_1_172' title='bbox 1055 2659 1215 2742; x_wconf 86' lang='lat' dir='ltr'>gaudium.</span> <span class='ocrx_word' id='word_1_173' title='bbox 1245 2657 1355 2722; x_wconf 85' lang='lat' dir='ltr'>Amen.</span> 
     </span>
    </p>
   </div>
   <div class='ocr_carea' id='block_1_7' title="bbox 193 2769 1422 2846">
    <p class='ocr_par' dir='ltr' id='par_1_12' title="bbox 193 2769 1422 2846">
     <span class='ocr_line' id='line_1_28' title="bbox 193 2769 1422 2846; baseline -0.005 -14"><span class='ocrx_word' id='word_1_174' title='bbox 193 2794 218 2832; x_wconf 93' lang='lat' dir='ltr'>a.</span> <span class='ocrx_word' id='word_1_175' title='bbox 237 2775 332 2832; x_wconf 74' lang='lat' dir='ltr'>Text.</span> <span class='ocrx_word' id='word_1_176' title='bbox 367 2777 459 2834; x_wconf 83' lang='lat' dir='ltr'>Moral</span> <span class='ocrx_word' id='word_1_177' title='bbox 478 2777 530 2832; x_wconf 85' lang='lat' dir='ltr'>No.</span> <span class='ocrx_word' id='word_1_178' title='bbox 552 2779 611 2832; x_wconf 84' lang='grc'><strong>120.</strong></span> <span class='ocrx_word' id='word_1_179' title='bbox 630 2775 659 2832; x_wconf 81' lang='lat' dir='ltr'>S.</span> <span class='ocrx_word' id='word_1_180' title='bbox 679 2779 721 2832; x_wconf 85' lang='grc'><strong>75.</strong></span> <span class='ocrx_word' id='word_1_181' title='bbox 741 2775 1247 2834; x_wconf 58' lang='grc'><strong>1111111181011111111116.</strong></span> <span class='ocrx_word' id='word_1_182' title='bbox 1266 2769 1422 2846; x_wconf 75' lang='lat' dir='ltr'>(Branderl,</span> 
     </span>
    </p>
   </div>
   <div class='ocr_carea' id='block_1_8' title="bbox 3 2845 1210 2920">
    <p class='ocr_par' dir='ltr' id='par_1_13' title="bbox 3 2845 1210 2920">
     <span class='ocr_line' id='line_1_29' title="bbox 3 2845 1210 2920; baseline -0.002 -16"><span class='ocrx_word' id='word_1_183' title='bbox 3 2880 4 2912; x_wconf 59' lang='grc'>1</span> <span class='ocrx_word' id='word_1_184' title='bbox 117 2850 169 2904; x_wconf 87' lang='lat' dir='ltr'>Bl.</span> <span class='ocrx_word' id='word_1_185' title='bbox 189 2852 250 2906; x_wconf 84' lang='lat'><strong><em>369.</em></strong></span> <span class='ocrx_word' id='word_1_186' title='bbox 270 2849 325 2920; x_wconf 79' lang='lat' dir='ltr'><strong>(A).</strong></span> <span class='ocrx_word' id='word_1_187' title='bbox 361 2847 415 2904; x_wconf 87' lang='lat' dir='ltr'>Ha.</span> <span class='ocrx_word' id='word_1_188' title='bbox 434 2863 471 2904; x_wconf 82' lang='lat' dir='ltr'>an</span> <span class='ocrx_word' id='word_1_189' title='bbox 489 2847 651 2920; x_wconf 81' lang='lat' dir='ltr'>Enpelbert,</span> <span class='ocrx_word' id='word_1_190' title='bbox 669 2851 713 2902; x_wconf 84' lang='grc'>13.</span> <span class='ocrx_word' id='word_1_191' title='bbox 731 2845 833 2904; x_wconf 78' lang='lat' dir='ltr'>Jonrt.</span> <span class='ocrx_word' id='word_1_192' title='bbox 851 2849 904 2920; x_wconf 76' lang='lat' dir='ltr'><strong>(B).</strong></span> <span class='ocrx_word' id='word_1_193' title='bbox 922 2879 957 2890; x_wconf 90' lang='lat'><em>-</em></span> <span class='ocrx_word' id='word_1_194' title='bbox 976 2849 1077 2906; x_wconf 85' lang='lat' dir='ltr'>Daniel</span> <span class='ocrx_word' id='word_1_195' title='bbox 1095 2848 1129 2916; x_wconf 85' lang='lat' dir='ltr'>V,</span> <span class='ocrx_word' id='word_1_196' title='bbox 1152 2851 1210 2904; x_wconf 89' lang='grc'><strong>170.</strong></span> 
     </span>
    </p>
   </div>
   <div class='ocr_carea' id='block_1_9' title="bbox 192 2931 1421 3006">
    <p class='ocr_par' dir='ltr' id='par_1_14' title="bbox 192 2931 1421 3006">
     <span class='ocr_line' id='line_1_30' title="bbox 192 2931 1421 3006; baseline -0.007 -14"><span class='ocrx_word' id='word_1_197' title='bbox 192 2937 219 2992; x_wconf 93' lang='lat' dir='ltr'>b.</span> <span class='ocrx_word' id='word_1_198' title='bbox 238 2935 419 2992; x_wconf 84' lang='lat' dir='ltr'>Leaarten.</span> <span class='ocrx_word' id='word_1_199' title='bbox 458 2939 470 2990; x_wconf 95' lang='grc'>1</span> <span class='ocrx_word' id='word_1_200' title='bbox 500 2937 537 3006; x_wconf 88' lang='grc'>11.</span> <span class='ocrx_word' id='word_1_201' title='bbox 557 2937 676 2992; x_wconf 88' lang='lat' dir='ltr'>honesta</span> <span class='ocrx_word' id='word_1_202' title='bbox 694 2937 725 2992; x_wconf 91' lang='lat' dir='ltr'>B.</span> <span class='ocrx_word' id='word_1_203' title='bbox 754 2967 788 2978; x_wconf 92' lang='lat'><em>-</em></span> <span class='ocrx_word' id='word_1_204' title='bbox 816 2935 1066 3006; x_wconf 81' lang='grc' dir='ltr'><strong>3,3.1111111Β.</strong></span> <span class='ocrx_word' id='word_1_205' title='bbox 1090 2967 1125 2978; x_wconf 91' lang='lat'>-</span> <span class='ocrx_word' id='word_1_206' title='bbox 1150 2938 1175 3006; x_wconf 88' lang='lat'>4,</span> <span class='ocrx_word' id='word_1_207' title='bbox 1194 2935 1278 3000; x_wconf 77' lang='grc' dir='ltr'>3-4ς</span> <span class='ocrx_word' id='word_1_208' title='bbox 1298 2937 1323 3002; x_wconf 88' lang='grc'>7,</span> <span class='ocrx_word' id='word_1_209' title='bbox 1342 2931 1421 2988; x_wconf 80' lang='grc'><strong>3-4.</strong></span> 
     </span>
    </p>
   </div>
   <div class='ocr_carea' id='block_1_10' title="bbox 2 2975 1421 3078">
    <p class='ocr_par' dir='ltr' id='par_1_15' title="bbox 2 2975 1421 3078">
     <span class='ocr_line' id='line_1_31' title="bbox 2 2975 1421 3078; baseline -0.006 -12"><span class='ocrx_word' id='word_1_210' title='bbox 2 2975 4 3006; x_wconf 70' lang='lat'>;</span> <span class='ocrx_word' id='word_1_211' title='bbox 114 3009 214 3078; x_wconf 73' lang='lat' dir='ltr'>fenden</span> <span class='ocrx_word' id='word_1_212' title='bbox 230 3007 261 3061; x_wconf 86' lang='lat' dir='ltr'>a&#39;n</span> <span class='ocrx_word' id='word_1_213' title='bbox 280 3007 310 3062; x_wconf 90' lang='grc' dir='ltr'><strong>Β.</strong></span> <span class='ocrx_word' id='word_1_214' title='bbox 330 3037 364 3048; x_wconf 92' lang='grc'><strong>-</strong></span> <span class='ocrx_word' id='word_1_215' title='bbox 383 3009 409 3075; x_wconf 84' lang='grc'>8,</span> <span class='ocrx_word' id='word_1_216' title='bbox 431 3011 454 3061; x_wconf 93' lang='grc'>1.</span> <span class='ocrx_word' id='word_1_217' title='bbox 473 2978 593 3064; x_wconf 73' lang='grc'><strong>111111.</strong></span> <span class='ocrx_word' id='word_1_218' title='bbox 612 3008 644 3062; x_wconf 91' lang='lat' dir='ltr'>B.</span> <span class='ocrx_word' id='word_1_219' title='bbox 664 3037 698 3048; x_wconf 96' lang='lat'><em>-</em></span> <span class='ocrx_word' id='word_1_220' title='bbox 717 3011 742 3078; x_wconf 84' lang='grc'>8,</span> <span class='ocrx_word' id='word_1_221' title='bbox 761 3007 808 3064; x_wconf 81' lang='lat' dir='ltr'>ef.</span> <span class='ocrx_word' id='word_1_222' title='bbox 827 3007 924 3062; x_wconf 81' lang='lat' dir='ltr'>lanten</span> <span class='ocrx_word' id='word_1_223' title='bbox 940 3009 972 3062; x_wconf 84' lang='lat' dir='ltr'>a&#39;n</span> <span class='ocrx_word' id='word_1_224' title='bbox 989 3007 1020 3062; x_wconf 89' lang='lat' dir='ltr'>B.</span> <span class='ocrx_word' id='word_1_225' title='bbox 1039 3009 1082 3065; x_wconf 91' lang='lat' dir='ltr'>De</span> <span class='ocrx_word' id='word_1_226' title='bbox 1102 3023 1156 3078; x_wconf 87' lang='lat' dir='ltr'>qua</span> <span class='ocrx_word' id='word_1_227' title='bbox 1174 3013 1258 3062; x_wconf 88' lang='grc'><strong>11111</strong></span> <span class='ocrx_word' id='word_1_228' title='bbox 1277 3005 1330 3062; x_wconf 86' lang='lat' dir='ltr'>fnit</span> <span class='ocrx_word' id='word_1_229' title='bbox 1344 3003 1421 3070; x_wconf 87' lang='lat' dir='ltr'>deus,</span> 
     </span>
    </p>
   </div>
   <div class='ocr_carea' id='block_1_11' title="bbox 119 3073 1422 3148">
    <p class='ocr_par' dir='ltr' id='par_1_16' title="bbox 119 3073 1422 3148">
     <span class='ocr_line' id='line_1_32' title="bbox 119 3073 1422 3148; baseline -0.005 -12"><span class='ocrx_word' id='word_1_230' title='bbox 119 3083 176 3136; x_wconf 88' lang='lat' dir='ltr'>Per</span> <span class='ocrx_word' id='word_1_231' title='bbox 196 3095 278 3148; x_wconf 86' lang='lat' dir='ltr'>qnam</span> <span class='ocrx_word' id='word_1_232' title='bbox 295 3078 370 3134; x_wconf 79' lang='lat' dir='ltr'>venit</span> <span class='ocrx_word' id='word_1_233' title='bbox 389 3079 471 3134; x_wconf 86' lang='lat' dir='ltr'>hono</span> <span class='ocrx_word' id='word_1_234' title='bbox 489 3095 554 3134; x_wconf 84' lang='lat' dir='ltr'>reue</span> <span class='ocrx_word' id='word_1_235' title='bbox 572 3079 617 3134; x_wconf 81' lang='lat' dir='ltr'>Ad</span> <span class='ocrx_word' id='word_1_236' title='bbox 635 3079 775 3135; x_wconf 86' lang='lat' dir='ltr'>stellatum</span> <span class='ocrx_word' id='word_1_237' title='bbox 813 3078 938 3148; x_wconf 82' lang='lat' dir='ltr'>alanum,</span> <span class='ocrx_word' id='word_1_238' title='bbox 966 3079 1020 3134; x_wconf 85' lang='lat' dir='ltr'>Ubi</span> <span class='ocrx_word' id='word_1_239' title='bbox 1039 3095 1094 3148; x_wconf 86' lang='lat' dir='ltr'>pax</span> <span class='ocrx_word' id='word_1_240' title='bbox 1113 3085 1156 3136; x_wconf 87' lang='lat' dir='ltr'>ast</span> <span class='ocrx_word' id='word_1_241' title='bbox 1174 3085 1202 3136; x_wconf 90' lang='lat' dir='ltr'>et</span> <span class='ocrx_word' id='word_1_242' title='bbox 1220 3077 1358 3148; x_wconf 88' lang='lat' dir='ltr'>gaudium,</span> <span class='ocrx_word' id='word_1_243' title='bbox 1376 3073 1422 3130; x_wconf 76' lang='lat' dir='ltr'>Ad</span> 
     </span>
    </p>
   </div>
   <div class='ocr_carea' id='block_1_12' title="bbox 2 3145 1421 3221">
    <p class='ocr_par' dir='ltr' id='par_1_17' title="bbox 2 3145 1421 3221">
     <span class='ocr_line' id='line_1_33' title="bbox 2 3145 1421 3221; baseline -0.006 -13"><span class='ocrx_word' id='word_1_244' title='bbox 2 3188 3 3195; x_wconf 25' lang='grc' dir='ltr'><strong>κ</strong></span> <span class='ocrx_word' id='word_1_245' title='bbox 120 3151 198 3220; x_wconf 87' lang='lat' dir='ltr'>quod</span> <span class='ocrx_word' id='word_1_246' title='bbox 216 3151 293 3220; x_wconf 81' lang='lat' dir='ltr'>uirgo</span> <span class='ocrx_word' id='word_1_247' title='bbox 310 3166 361 3220; x_wconf 91' lang='lat' dir='ltr'>per</span> <span class='ocrx_word' id='word_1_248' title='bbox 379 3149 468 3206; x_wconf 88' lang='lat' dir='ltr'>fllium</span> <span class='ocrx_word' id='word_1_249' title='bbox 485 3152 543 3207; x_wconf 84' lang='lat' dir='ltr'>Nor</span> <span class='ocrx_word' id='word_1_250' title='bbox 562 3149 646 3206; x_wconf 84' lang='lat' dir='ltr'>dunat</span> <span class='ocrx_word' id='word_1_251' title='bbox 664 3157 728 3221; x_wconf 87' lang='lat' dir='ltr'>post</span> <span class='ocrx_word' id='word_1_252' title='bbox 746 3151 790 3206; x_wconf 87' lang='lat' dir='ltr'>ex&#39;</span> <span class='ocrx_word' id='word_1_253' title='bbox 805 3151 869 3206; x_wconf 87' lang='lat' dir='ltr'>ium.</span> <span class='ocrx_word' id='word_1_254' title='bbox 897 3180 931 3190; x_wconf 98' lang='lat'><em>-</em></span> <span class='ocrx_word' id='word_1_255' title='bbox 958 3149 1042 3206; x_wconf 71' lang='lat' dir='ltr'>Nocte</span> <span class='ocrx_word' id='word_1_256' title='bbox 1060 3151 1088 3205; x_wconf 83' lang='lat' dir='ltr'>S.</span> <span class='ocrx_word' id='word_1_257' title='bbox 1107 3154 1158 3205; x_wconf 84' lang='grc'>331</span> <span class='ocrx_word' id='word_1_258' title='bbox 1178 3149 1287 3219; x_wconf 76' lang='lat' dir='ltr'>cctldpt</span> <span class='ocrx_word' id='word_1_259' title='bbox 1304 3149 1349 3203; x_wconf 78' lang='lat' dir='ltr'>cin</span> <span class='ocrx_word' id='word_1_260' title='bbox 1367 3145 1421 3201; x_wconf 83' lang='lat' dir='ltr'>Be·</span> 
     </span>
    </p>
   </div>
   <div class='ocr_carea' id='block_1_13' title="bbox 120 3219 1420 3292">
    <p class='ocr_par' dir='ltr' id='par_1_18' title="bbox 120 3219 1420 3292">
     <span class='ocr_line' id='line_1_34' title="bbox 120 3219 1420 3292; baseline -0.005 -14"><span class='ocrx_word' id='word_1_261' title='bbox 120 3227 235 3278; x_wconf 83' lang='lat' dir='ltr'>cenacnt</span> <span class='ocrx_word' id='word_1_262' title='bbox 253 3238 317 3278; x_wconf 81' lang='lat' dir='ltr'>vor:</span> <span class='ocrx_word' id='word_1_263' title='bbox 335 3224 361 3292; x_wconf 75' lang='lat'>2,</span> <span class='ocrx_word' id='word_1_264' title='bbox 380 3225 405 3278; x_wconf 91' lang='grc'><strong>3.</strong></span> <span class='ocrx_word' id='word_1_265' title='bbox 424 3223 495 3278; x_wconf 88' lang='lat' dir='ltr'>Sunt</span> <span class='ocrx_word' id='word_1_266' title='bbox 512 3239 547 3278; x_wconf 84' lang='lat' dir='ltr'>ex</span> <span class='ocrx_word' id='word_1_267' title='bbox 566 3239 629 3290; x_wconf 87' lang='lat' dir='ltr'>quo.</span> <span class='ocrx_word' id='word_1_268' title='bbox 648 3227 675 3292; x_wconf 80' lang='grc' dir='ltr'>ὀ,</span> <span class='ocrx_word' id='word_1_269' title='bbox 694 3226 719 3278; x_wconf 82' lang='lat'>2.</span> <span class='ocrx_word' id='word_1_270' title='bbox 738 3221 802 3280; x_wconf 84' lang='lat' dir='ltr'>Non</span> <span class='ocrx_word' id='word_1_271' title='bbox 820 3238 860 3292; x_wconf 90' lang='lat' dir='ltr'>gr.</span> <span class='ocrx_word' id='word_1_272' title='bbox 879 3221 949 3277; x_wconf 83' lang='lat' dir='ltr'>haee</span> <span class='ocrx_word' id='word_1_273' title='bbox 966 3221 1038 3277; x_wconf 85' lang='lat' dir='ltr'>Mar.</span> <span class='ocrx_word' id='word_1_274' title='bbox 1057 3224 1083 3291; x_wconf 89' lang='grc'>3,</span> <span class='ocrx_word' id='word_1_275' title='bbox 1093 3223 1118 3276; x_wconf 80' lang='grc'><strong>4.</strong></span> <span class='ocrx_word' id='word_1_276' title='bbox 1138 3220 1193 3278; x_wconf 89' lang='lat' dir='ltr'>Ubi</span> <span class='ocrx_word' id='word_1_277' title='bbox 1210 3237 1266 3292; x_wconf 84' lang='lat' dir='ltr'>pax</span> <span class='ocrx_word' id='word_1_278' title='bbox 1284 3226 1329 3276; x_wconf 89' lang='lat' dir='ltr'>est</span> <span class='ocrx_word' id='word_1_279' title='bbox 1347 3225 1375 3274; x_wconf 89' lang='grc'>11</span> <span class='ocrx_word' id='word_1_280' title='bbox 1384 3219 1420 3289; x_wconf 88' lang='lat' dir='ltr'>gl.</span> 
     </span>
    </p>
   </div>
   <div class='ocr_carea' id='block_1_14' title="bbox 513 3491 1041 3576">
    <p class='ocr_par' dir='ltr' id='par_1_19' title="bbox 513 3491 1041 3576">
     <span class='ocr_line' id='line_1_35' title="bbox 513 3491 1041 3576; baseline -0.004 -18"><span class='ocrx_word' id='word_1_281' title='bbox 513 3497 582 3558; x_wconf 89' lang='grc'><strong>176.</strong></span> <span class='ocrx_word' id='word_1_282' title='bbox 626 3492 669 3558; x_wconf 83' lang='grc'>11</span> <span class='ocrx_word' id='word_1_283' title='bbox 690 3497 881 3576; x_wconf 78' lang='lat' dir='ltr'>conceptione</span> <span class='ocrx_word' id='word_1_284' title='bbox 901 3491 1041 3558; x_wconf 79' lang='lat' dir='ltr'>Mariae.</span> 
     </span>
    </p>
   </div>
   <div class='ocr_carea' id='block_1_15' title="bbox 122 3623 1405 4618">
    <p class='ocr_par' dir='ltr' id='par_1_20' title="bbox 122 3623 1405 3960">
     <span class='ocr_line' id='line_1_36' title="bbox 122 3623 1405 3710; baseline 0.002 -20"><span class='ocrx_word' id='word_1_285' title='bbox 122 3631 151 3690; x_wconf 91' lang='lat'>1.</span> <span class='ocrx_word' id='word_1_286' title='bbox 177 3623 348 3708; x_wconf 82' lang='lat' dir='ltr'>Conceptio</span> <span class='ocrx_word' id='word_1_287' title='bbox 363 3625 487 3692; x_wconf 86' lang='lat' dir='ltr'>Mariae</span> <span class='ocrx_word' id='word_1_288' title='bbox 501 3625 644 3710; x_wconf 88' lang='lat' dir='ltr'>virginis,</span> <span class='ocrx_word' id='word_1_289' title='bbox 852 3625 898 3693; x_wconf 91' lang='lat' dir='ltr'>Ut</span> <span class='ocrx_word' id='word_1_290' title='bbox 911 3643 1028 3692; x_wconf 88' lang='lat' dir='ltr'>aurora</span> <span class='ocrx_word' id='word_1_291' title='bbox 1042 3642 1176 3707; x_wconf 86' lang='lat' dir='ltr'>surgens</span> <span class='ocrx_word' id='word_1_292' title='bbox 1190 3625 1405 3708; x_wconf 81' lang='lat' dir='ltr'>progreditur,</span> 
     </span>
     <span class='ocr_line' id='line_1_37' title="bbox 177 3707 1399 3792; baseline 0.002 -18"><span class='ocrx_word' id='word_1_293' title='bbox 177 3707 265 3785; x_wconf 85' lang='lat' dir='ltr'>Quae</span> <span class='ocrx_word' id='word_1_294' title='bbox 280 3728 339 3776; x_wconf 90' lang='lat' dir='ltr'>nos</span> <span class='ocrx_word' id='word_1_295' title='bbox 354 3709 434 3776; x_wconf 86' lang='lat' dir='ltr'>lavit</span> <span class='ocrx_word' id='word_1_296' title='bbox 449 3729 469 3777; x_wconf 87' lang='lat' dir='ltr'>a</span> <span class='ocrx_word' id='word_1_297' title='bbox 482 3709 553 3778; x_wconf 90' lang='lat' dir='ltr'>labe</span> <span class='ocrx_word' id='word_1_298' title='bbox 569 3711 720 3792; x_wconf 87' lang='lat' dir='ltr'>criminis,</span> <span class='ocrx_word' id='word_1_299' title='bbox 851 3710 948 3776; x_wconf 89' lang='lat' dir='ltr'>Velut</span> <span class='ocrx_word' id='word_1_300' title='bbox 962 3709 1039 3775; x_wconf 85' lang='lat' dir='ltr'>luna</span> <span class='ocrx_word' id='word_1_301' title='bbox 1052 3709 1185 3792; x_wconf 87' lang='lat' dir='ltr'>pulchra</span> <span class='ocrx_word' id='word_1_302' title='bbox 1200 3709 1399 3792; x_wconf 82' lang='lat' dir='ltr'>describitur,</span> 
     </span>
     <span class='ocr_line' id='line_1_38' title="bbox 179 3791 1343 3877; baseline 0.001 -20"><span class='ocrx_word' id='word_1_303' title='bbox 179 3791 486 3874; x_wconf 73' lang='lat' dir='ltr'>celebraturhodie</span> <span class='ocrx_word' id='word_1_304' title='bbox 851 3794 953 3877; x_wconf 89' lang='lat' dir='ltr'>Super</span> <span class='ocrx_word' id='word_1_305' title='bbox 969 3797 1082 3860; x_wconf 88' lang='lat' dir='ltr'>cuncta</span> <span class='ocrx_word' id='word_1_306' title='bbox 1095 3799 1133 3860; x_wconf 92' lang='lat' dir='ltr'>ut</span> <span class='ocrx_word' id='word_1_307' title='bbox 1147 3793 1194 3859; x_wconf 86' lang='lat' dir='ltr'>sol</span> <span class='ocrx_word' id='word_1_308' title='bbox 1209 3793 1343 3874; x_wconf 91' lang='lat' dir='ltr'>erigitur</span> 
     </span>
     <span class='ocr_line' id='line_1_39' title="bbox 177 3877 1028 3960; baseline 0.002 -19"><span class='ocrx_word' id='word_1_309' title='bbox 177 3877 254 3943; x_wconf 90' lang='lat' dir='ltr'>Dies</span> <span class='ocrx_word' id='word_1_310' title='bbox 269 3879 482 3946; x_wconf 87' lang='lat' dir='ltr'>estlaetitiae.</span> <span class='ocrx_word' id='word_1_311' title='bbox 781 3903 793 3931; x_wconf 85' lang='lat'><strong>·</strong></span> <span class='ocrx_word' id='word_1_312' title='bbox 850 3878 950 3960; x_wconf 89' lang='lat' dir='ltr'>Virgo</span> <span class='ocrx_word' id='word_1_313' title='bbox 964 3879 1028 3960; x_wconf 91' lang='lat' dir='ltr'>pia.</span> 
     </span>
    </p>

    <p class='ocr_par' dir='ltr' id='par_1_21' title="bbox 175 3961 1372 4128">
     <span class='ocr_line' id='line_1_40' title="bbox 176 3961 1372 4045; baseline 0.003 -19"><span class='ocrx_word' id='word_1_314' title='bbox 176 3961 224 4027; x_wconf 92' lang='lat' dir='ltr'>De</span> <span class='ocrx_word' id='word_1_315' title='bbox 239 3962 347 4027; x_wconf 84' lang='lat' dir='ltr'>radice</span> <span class='ocrx_word' id='word_1_316' title='bbox 361 3962 449 4028; x_wconf 89' lang='lat' dir='ltr'>Iesse</span> <span class='ocrx_word' id='word_1_317' title='bbox 465 3963 650 4044; x_wconf 77' lang='lat' dir='ltr'>propaginis</span> <span class='ocrx_word' id='word_1_318' title='bbox 794 3969 823 4028; x_wconf 87' lang='lat'>3.</span> <span class='ocrx_word' id='word_1_319' title='bbox 849 3962 949 4042; x_wconf 90' lang='lat' dir='ltr'>Virgo</span> <span class='ocrx_word' id='word_1_320' title='bbox 964 3963 1101 4028; x_wconf 89' lang='lat' dir='ltr'>clemens</span> <span class='ocrx_word' id='word_1_321' title='bbox 1117 3965 1150 4026; x_wconf 90' lang='lat' dir='ltr'>et</span> <span class='ocrx_word' id='word_1_322' title='bbox 1163 3961 1254 4044; x_wconf 88' lang='lat' dir='ltr'>uirgo</span> <span class='ocrx_word' id='word_1_323' title='bbox 1269 3962 1372 4045; x_wconf 89' lang='lat' dir='ltr'>unica,</span> 
     </span>
     <span class='ocr_line' id='line_1_41' title="bbox 175 4043 1321 4128; baseline 0.002 -17"><span class='ocrx_word' id='word_1_324' title='bbox 175 4045 267 4111; x_wconf 90' lang='lat' dir='ltr'>Hanc</span> <span class='ocrx_word' id='word_1_325' title='bbox 282 4045 393 4110; x_wconf 81' lang='lat' dir='ltr'>eduxit</span> <span class='ocrx_word' id='word_1_326' title='bbox 407 4045 456 4111; x_wconf 88' lang='lat' dir='ltr'>sol</span> <span class='ocrx_word' id='word_1_327' title='bbox 470 4047 537 4111; x_wconf 85' lang='lat' dir='ltr'>ueri</span> <span class='ocrx_word' id='word_1_328' title='bbox 552 4045 681 4112; x_wconf 89' lang='lat' dir='ltr'>luminis</span> <span class='ocrx_word' id='word_1_329' title='bbox 849 4047 950 4126; x_wconf 90' lang='lat' dir='ltr'>Virga</span> <span class='ocrx_word' id='word_1_330' title='bbox 963 4043 1052 4126; x_wconf 85' lang='lat' dir='ltr'>lumi,</span> <span class='ocrx_word' id='word_1_331' title='bbox 1068 4045 1125 4112; x_wconf 86' lang='lat' dir='ltr'>sed</span> <span class='ocrx_word' id='word_1_332' title='bbox 1140 4047 1321 4128; x_wconf 86' lang='lat' dir='ltr'>aromatica,</span> 
     </span>
    </p>

    <p class='ocr_par' dir='ltr' id='par_1_22' title="bbox 175 4129 1351 4310">
     <span class='ocr_line' id='line_1_42' title="bbox 175 4129 1351 4213; baseline 0.003 -20"><span class='ocrx_word' id='word_1_333' title='bbox 175 4129 274 4194; x_wconf 88' lang='lat' dir='ltr'>Manu</span> <span class='ocrx_word' id='word_1_334' title='bbox 289 4129 466 4211; x_wconf 88' lang='lat' dir='ltr'>sapientiae</span> <span class='ocrx_word' id='word_1_335' title='bbox 848 4130 886 4195; x_wconf 94' lang='lat' dir='ltr'>In</span> <span class='ocrx_word' id='word_1_336' title='bbox 901 4136 934 4196; x_wconf 93' lang='lat' dir='ltr'>te</span> <span class='ocrx_word' id='word_1_337' title='bbox 950 4129 1029 4195; x_wconf 90' lang='lat' dir='ltr'>coeli</span> <span class='ocrx_word' id='word_1_338' title='bbox 1043 4130 1216 4213; x_wconf 90' lang='lat' dir='ltr'>mundique</span> <span class='ocrx_word' id='word_1_339' title='bbox 1231 4129 1351 4199; x_wconf 85' lang='lat' dir='ltr'>fabrica</span> 
     </span>
     <span class='ocr_line' id='line_1_43' title="bbox 176 4213 1023 4310; baseline 0 -31"><span class='ocrx_word' id='word_1_340' title='bbox 176 4213 261 4280; x_wconf 82' lang='lat' dir='ltr'>Suae</span> <span class='ocrx_word' id='word_1_341' title='bbox 276 4214 430 4296; x_wconf 89' lang='lat' dir='ltr'>templum</span> <span class='ocrx_word' id='word_1_342' title='bbox 445 4213 577 4310; x_wconf 82' lang='lat' dir='ltr'>gloriae.</span> <span class='ocrx_word' id='word_1_343' title='bbox 849 4213 1023 4280; x_wconf 84' lang='lat' dir='ltr'>Gloriatur.</span> 
     </span>
    </p>

    <p class='ocr_par' dir='ltr' id='par_1_23' title="bbox 122 4295 1356 4618">
     <span class='ocr_line' id='line_1_44' title="bbox 122 4295 1356 4382; baseline 0.002 -20"><span class='ocrx_word' id='word_1_344' title='bbox 122 4303 150 4363; x_wconf 84' lang='lat'>2.</span> <span class='ocrx_word' id='word_1_345' title='bbox 176 4296 277 4362; x_wconf 86' lang='lat' dir='ltr'>Stella</span> <span class='ocrx_word' id='word_1_346' title='bbox 290 4315 373 4364; x_wconf 88' lang='lat' dir='ltr'>nora</span> <span class='ocrx_word' id='word_1_347' title='bbox 386 4303 511 4364; x_wconf 85' lang='lat' dir='ltr'>novuter</span> <span class='ocrx_word' id='word_1_348' title='bbox 526 4299 637 4376; x_wconf 89' lang='lat' dir='ltr'>oritur,</span> <span class='ocrx_word' id='word_1_349' title='bbox 848 4295 893 4364; x_wconf 86' lang='lat' dir='ltr'>Te</span> <span class='ocrx_word' id='word_1_350' title='bbox 908 4299 1076 4381; x_wconf 83' lang='lat' dir='ltr'>signarunt</span> <span class='ocrx_word' id='word_1_351' title='bbox 1091 4317 1147 4365; x_wconf 87' lang='lat' dir='ltr'>ora</span> <span class='ocrx_word' id='word_1_352' title='bbox 1160 4299 1356 4382; x_wconf 89' lang='lat' dir='ltr'>prophetica,</span> 
     </span>
     <span class='ocr_line' id='line_1_45' title="bbox 176 4381 1324 4465; baseline 0.003 -18"><span class='ocrx_word' id='word_1_353' title='bbox 176 4381 746 4465; x_wconf 82' lang='lat' dir='ltr'>Ouiusortumorsnostramoritur‚</span> <span class='ocrx_word' id='word_1_354' title='bbox 848 4381 920 4448; x_wconf 89' lang='lat' dir='ltr'>Tibi</span> <span class='ocrx_word' id='word_1_355' title='bbox 935 4385 1022 4450; x_wconf 88' lang='lat' dir='ltr'>canit</span> <span class='ocrx_word' id='word_1_356' title='bbox 1036 4383 1185 4450; x_wconf 85' lang='lat' dir='ltr'>Salomon</span> <span class='ocrx_word' id='word_1_357' title='bbox 1201 4385 1324 4450; x_wconf 88' lang='lat' dir='ltr'>cantica</span> 
     </span>
     <span class='ocr_line' id='line_1_46' title="bbox 175 4464 1345 4552; baseline 0.004 -24"><span class='ocrx_word' id='word_1_358' title='bbox 175 4465 262 4530; x_wconf 84' lang='lat' dir='ltr'>Evae</span> <span class='ocrx_word' id='word_1_359' title='bbox 277 4464 385 4548; x_wconf 86' lang='lat' dir='ltr'>lapsus</span> <span class='ocrx_word' id='word_1_360' title='bbox 399 4467 463 4532; x_wconf 90' lang='lat' dir='ltr'>iam</span> <span class='ocrx_word' id='word_1_361' title='bbox 478 4465 659 4534; x_wconf 86' lang='lat' dir='ltr'>restituitur</span> <span class='ocrx_word' id='word_1_362' title='bbox 848 4465 1185 4550; x_wconf 86' lang='lat' dir='ltr'>Canticorurn,tevox</span> <span class='ocrx_word' id='word_1_363' title='bbox 1200 4469 1345 4552; x_wconf 87' lang='lat' dir='ltr'>angelica</span> 
     </span>
     <span class='ocr_line' id='line_1_47' title="bbox 175 4548 1060 4618; baseline 0.002 -4"><span class='ocrx_word' id='word_1_364' title='bbox 175 4548 341 4615; x_wconf 86' lang='lat' dir='ltr'>Inlllaria.</span> <span class='ocrx_word' id='word_1_365' title='bbox 847 4551 1060 4618; x_wconf 88' lang='lat' dir='ltr'>Protestatur.</span> 
     </span>
    </p>
   </div>
   <div class='ocr_carea' id='block_1_16' title="bbox 0 0 1614 5234">
    <p class='ocr_par' dir='ltr' id='par_1_24' title="bbox 0 0 1614 5234">
     <span class='ocr_line' id='line_1_48' title="bbox 0 0 1614 5234; baseline 0 1"><span class='ocrx_word' id='word_1_366' title='bbox 0 0 1614 5234; x_wconf 95' lang='lat' dir='ltr'> </span> 
     </span>
    </p>
   </div>
  </div>
 </body>
</html>
