3234 5246
700 293 963 361 -356-’

189 485 218 544 7.
241 479 317 546 Mor
327 477 563 548 reformandam
575 481 672 548 uitam
681 481 886 565 apostolicam
897 480 1098 563 regularibus
1110 479 1289 564 praeceptis
1305 479 1467 562 vestigans

315 565 443 630 viventi
458 564 581 632 clericis
594 566 727 632 formam
742 567 987 650 praescripsisti.

188 653 217 714 8.
240 648 352 730 Tuque
363 649 517 716 librorum
528 650 815 718 ecclesiasticorum
824 652 895 718 loca
903 651 1013 718 nubila
1023 649 1189 718 illustrans
1197 649 1467 731 erroresscriptu-

318 733 363 798 ris
379 733 524 815 plurimis
540 735 660 800 sanctis
676 737 831 802 exemisti.

188 819 217 880 9.
237 815 285 881 Tu
296 816 438 899 spolians
450 819 616 898 egrediens
627 819 714 886 vasis
725 819 887 902 Egyptum
898 819 1066 900 argenteis,
1075 818 1309 884 haereticorum
1320 815 1467 884 fraudem

318 900 459 968 destruis
473 901 555 968 alter
570 902 696 986 Moyses
716 903 805 969 rubri
819 903 916 969 maris
931 909 1035 968 tutum
1051 902 1130 968 lacis
1146 902 1325 968 transitum.

170 989 219 1052 10.
242 981 304 1048 Per
327 1002 444 1050 manna
468 985 573 1068 pascis
600 986 787 1054 Israhelitas
809 987 913 1053 Deum
938 987 1189 1068 contemplantes
1215 987 1338 1052 animas
1360 985 1468 1052 fontes

299 1069 438 1134 beremi
463 1069 637 1138 scientibus
662 1072 792 1137 haurire
814 1073 915 1138 donas
934 1071 1054 1136 cunctis
1075 1069 1171 1136 corda
1186 1071 1295 1152 rigans
1311 1070 1470 1138 exhausta

319 1159 440 1234 septem
455 1153 598 1235 gentium
612 1174 713 1237 regna
727 1157 878 1238 principis
893 1155 1047 1221 debellari
1062 1160 1094 1220 et
1110 1155 1208 1220 deleri
1223 1153 1377 1220 funditus.

171 1239 220 1297 ll.
244 1234 398 1302 Valentes
413 1256 490 1320 ergo
505 1239 613 1305 videre
628 1245 746 1306 terram
762 1241 979 1324 permissionis

171 1323 220 1382 la
243 1317 421 1400 Sequemur
435 1340 544 1388 omnes
560 1331 743 1390 constanter
758 1324 869 1390 callem
885 1325 967 1388 tanti
981 1321 1146 1404 praeconis

173 1405 220 1466 13.
244 1401 308 1468 Luc
323 1411 357 1470 et
371 1406 433 1470 mel
447 1406 492 1472 ibi
508 1405 606 1474 liuere
621 1414 670 1474 est
683 1409 779 1474 lbesu
794 1407 911 1473 Christi
927 1405 1039 1472 faciem
1055 1423 1120 1472 sem
1145 1423 1181 1470 er
1194 1408 1346 1488 aspicere.

173 1491 222 1550 rt.
245 1485 271 1551 O
288 1495 398 1554 sancte
412 1491 542 1570 praesul
556 1492 683 1574 optime,
699 1497 736 1558 ut
749 1493 842 1558 nobis
856 1491 913 1557 illa
927 1490 1023 1556 liceat
1038 1489 1101 1556 frui
1118 1427 1293 1575 Sulcedine,

173 1573 220 1638 15.
243 1569 345 1648 Quam
360 1591 463 1655 neque
477 1575 547 1640 visu
561 1577 697 1658 quisque
710 1593 769 1641 nec
783 1575 915 1641 auribus
933 1592 1035 1656 neque
1049 1575 1144 1640 corde
1158 1575 1244 1640 valet
1257 1575 1422 1658 percipere
1437 1575 1472 1640 in

320 1655 416 1723 buius
430 1657 570 1725 incolatu
586 1659 727 1742 corporis
741 1665 864 1726 mentes
879 1659 972 1726 valde
986 1659 1169 1740 prementis.

241 1761 334 1818 Tout.
371 1766 448 1824 Miss-
467 1767 553 1822 narn.
574 1772 652 1839 1510,
670 1769 709 1822 im
728 1768 850 1839 Arbonp
865 1767 1050 1839 pescbm‘cbcu.

614 2048 684 2108 512.
727 2043 781 2109 Dc
801 2064 827 2109 s.
850 2042 1039 2125 Aupuslr'rco.

176 2181 204 2241 1.
230 2181 429 2261 Augustinus
444 2181 581 2262 humilis,
903 2183 996 2248 Hunc
1009 2187 1156 2265 peccator
1171 2179 1370 2262 deprecetur,

231 2263 411 2330 Sanctitate
425 2264 541 2330 nobilis
903 2265 948 2332 Ut
962 2285 1019 2348 per
1033 2266 1122 2332 illum
1138 2264 1344 2341 condonetur,

230 2345 429 2412 Afflictorum
445 2348 562 2430 gloria:
902 2349 994 2428 Quod
1009 2367 1099 2416 mens
1115 2349 1207 2414 timet
1221 2349 1356 2414 conscia.

231 2431 311 2496 Cum
326 2437 507 2498 sanctornm
523 2434 670 2500 coetibus
848 2467 875 2527 5·
902 2459 987 2525 Laus
1004 2463 1037 2524 ep
1051 2458 1152 2522 holm
1166 2457 1214 2522 jpj
1230 2455 1334 2536 datur,

230 2515 346 2612 fingit
358 2516 602 2615 ,¹¹¹.⁰⁰⁰¹‘?⁸t¹b¹¹⁸
902 2544 989 2610 Satis
1004 2561 1041 2608 ex
1056 2559 1091 2608 se
1107 2540 1345 2606 commendatur

230 2600 367 2697 3¹¹th
381 2605 523 2698 Y¹⁰t⁰f.¹²·
902 2628 1042 2710 Operum
1058 2644 1114 2709 per
1128 2626 1260 2690 merita:

176 2684 206 2744 ²·
233 2683 330 2750 ΟΜΝ
345 2701 395 2750 ⁸¹¹¹
405 2691 524 2782 ,mem
548 2769 554 2782 .
902 2711 1079 2776 Daemonia
1093 2709 1191 2775 vincit
1206 2709 1278 2788 iste,

231 2769 322 2835 More
337 2767 483 2834 onustus
498 2769 591 2836 ⁵⁰11t0
901 2793 944 2861 m
958 2793 1104 2860 concers
1119 2793 1166 2858 uu
1182 2791 1309 2858 curiale

232 2851 558 2950 ⁰⁰¹¹⁸⁰¹3²t¹¹¹⁸⁰¹¹i¹¹i⁸²
902 2878 1034 2961 Semper
1048 2896 1119 2944 esse
1133 2876 1269 2942 subdita.

231 2937 549 3103 gfflssluffiffiia
847 2993 875 3056 7.
902 2985 1324 3067 Venereturhicpatronus

231 3103 332 3170 Facta
346 3108 395 3169 est
408 3105 613 3186 praenuncia·
901 3070 1001 3168 Quem
1017 3070 1164 3136 coelestis
1179 3067 1276 3166 habet
1291 3067 1436 3145 thronus,

175 3181 205 3242 3·
230 3187 303 3254 Non
318 3186 358 3253 de
372 3187 477 3254 carnis
492 3187 614 3254 actibus
901 3155 962 3231 ΩΨ
978 3153 1082 3220 d³⁰d⁰
1098 3152 1261 3250 benefiffl.
1284 3234 1291 3248 .

229 3273 332 3336 Docet
355 3272 435 3354 legit
449 3272 595 3339 omnibus
901 3239 1054 3305 Mundum
1070 3237 1173 3320 replet
1186 3237 1323 3302 laetiora.

227 3321 404 3438 Expectata
418 3355 551 3437 gansjai:
845 3348 875 3408 8.
900 3340 961 3405 Hic
976 3339 1117 3405 divinum
1133 3337 1213 3403 dans
1228 3336 1359 3402 odorem

227 3439 525 3506 Feljgeiusanjffia
901 3425 1028 3488 Pestem
1044 3422 1135 3504 pellit
1149 3425 1182 3486 et
1196 3422 1393 3518 languorem,

228 3523 392 3604 linquens
408 3523 494 3589 orbis
509 3521 619 3590 infima
900 3507 998 3572 Velut
1011 3523 1105 3602 ῐθὲὃθ
1119 3505 1170 3571 uel
1185 3505 1254 3602 13¹¹&

229 3607 332 3672 Carne
347 3607 411 3673 iam
426 3607 573 3688 deposita
900 3590 1034 3658 Redolet
1048 3609 1081 3655 111
1097 3589 1240 3658 (scelesta.

229 3689 393 3757 Christum
409 3695 457 3756 est
471 3692 599 3756 intuita.
846 3699 874 3759 9.
901 3690 1080 3772 Augustino
1095 3689 1156 3756 Dei
1170 3706 1277 3768 uerna,

172 3769 202 3829 4·
227 3775 313 3841 Nota
327 3780 403 3841 sunt
416 3793 473 3855 per
489 3775 617 3840 saecula
900 3775 1012 3842 Mundi
1026 3775 1120 3841 iubar
1135 3779 1169 3840 et
1182 3775 1322 3850 lucerna,

228 3860 334 3942 Ipsius
348 3857 511 3938 miracula,
900 3859 994 3926 And
1009 3857 1173 3926 Christum
1187 3858 1317 3924 chorum
1331 3855 1430 3920 istum

229 3943 344 4010 Mortis
359 3943 454 4009 solvit
467 3941 594 4008 vincula
799 3945 803 3954 '
901 3881 1078 4010 Ofementer
1093 3943 1243 4008 concilia:
1310 4023 1316 4036 ·

230 4027 347 4092 Plenus
362 4027 422 4093 Dei
437 4027 551 4110 gratia.
901 4027 946 4092 Ut
960 4027 1031 4094 fona
1047 4044 1190 4093 summae
1206 4027 1336 4108 pietatus

175 4100 204 4160 5·
231 4109 284 4175 Nil
299 4115 461 4176 terrenum
478 4111 650 4185 ambiebat,
901 4111 966 4176 Nos
980 4110 1150 4176 mundatos
1165 4129 1186 4174 a
1199 4107 1340 4194 peccatis

230 4192 313 4269 Quia
327 4213 401 4260 vere
416 4194 571 4276 diligebat
902 4196 951 4260 Ad
967 4213 1124 4276 supernae
1140 4193 1298 4260 claritatis

231 4277 338 4342 Iesum
352 4296 448 4360 super
462 4279 584 4344 omnia:
903 4277 1205 4362 Perducatpalatia.
1235 4277 1347 4344 limen.

247 4383 340 4444 Text.
376 4385 453 4444 Mire.
471 4385 550 4442 fratr.
569 4387 657 4443 Paria.
678 4389 754 4442 1620.

1580 4203 1583 4281 l
