3186 5254
672 284 711 304 ··
756 253 902 320 oft-

133 433 167 494 1².
186 461 221 479 -
239 441 265 506 6,
283 439 309 494 4.
328 433 392 493 Non
410 448 548 506 comnena
566 435 596 495 6.
613 435 775 508 potentiam
792 436 851 494 AL.
887 465 921 486 ···
959 440 985 508 6,
1004 441 1028 496 t.
1048 438 1108 497 anai
1125 437 1212 498 Nealc
1232 451 1247 495 e
1266 438 1435 496 coniectura.

135 535 171 550 ·-
190 510 215 576 6,
234 510 260 564 7.
278 508 414 594 concupit
432 508 465 566 E.
484 539 519 552 -·
537 511 563 579 6,
581 511 607 566 6.
626 507 656 565 Ρ.
676 508 774 593 deiri.
792 510 980 579 praesenciam
997 511 1031 569 D.
1042 540 1075 594 -7
1095 514 1120 578 ⁷,
1140 515 1164 566 l.
1182 509 1216 566 Ε.
1235 525 1269 596 p.⁸
1281 511 1435 580 triumphu·

134 578 359 720 tatffilimffi
371 579 600 712 rgrsgfibffileulc
618 595 634 638 e
651 587 821 638 correctura.
848 609 882 624 ···
909 581 986 652 Ergo
1006 583 1133 641 Ohrratua
1150 581 1216 644 uun
1234 580 1434 654 manniaco,

685 801 884 822 -ιι--ι--ι-φ-

607 929 678 996 761.
721 924 774 996 De
794 945 820 994 a.
841 925 970 1012 Artacie.

138 1067 166 1129 1.
191 1057 304 1141 Agnus
317 1055 379 1125 Dei
394 1055 605 1136 collaudetur,
810 1066 840 1129 4.
864 1061 914 1130 Ab
934 1061 1057 1128 incesto
1079 1061 1169 1126 cauta
1190 1058 1434 1140 concupiscitur,

193 1140 289 1208 Orbis
303 1145 391 1208 totus
406 1142 605 1226 collaetetur,
866 1145 998 1228 spretus
1035 1143 1070 1209 in
1101 1143 1205 1209 lucem
1243 1141 1435 1227 impugnans

192 1224 239 1292 Ut
253 1225 367 1292 feeuvc
382 1225 563 1294 celebretur
908 1227 1054 1306 moritur,

191 1310 326 1392 agnatis
341 1311 546 1393 martyrium:
864 1311 953 1392 Orat,
969 1309 1213 1378 vitaredditur:

194 1393 340 1460 Cantitas
356 1396 607 1476 congratuletur,
863 1395 1025 1479 Lupanari
1041 1393 1202 1460 denudata
1216 1392 1366 1471 trahitur,

191 1477 291 1558 Mene,
306 1495 431 1554 monus,
445 1497 507 1546 vox
521 1479 681 1562 incitetur,
862 1479 948 1548 Fuso
962 1480 1049 1546 crine
1063 1495 1178 1560 corpus
1193 1493 1286 1542 omne
1300 1477 1432 1560 tegitur,

193 1561 304 1629 Omnia
319 1567 409 1630 aetas
423 1569 593 1632 veneretur
863 1565 949 1633 Luco
967 1560 1241 1630 circumfunditur.

192 1644 336 1728 Vitginie
353 1649 569 1730 praeconium.
808 1653 837 1714 5.
863 1648 990 1727 Forma,
1005 1647 1114 1724 robur,
1130 1663 1234 1722 sonus,
1249 1647 1350 1724 aetas,

138 1775 167 1838 2.
193 1769 282 1838 Haeo
296 1777 347 1870 est
361 1773 469 1853 Agnes
485 1771 653 1870 61161911,
863 1729 1239 1884 fflncteezttiulrllffluerlrlutirffldit
1252 1728 1354 1798 laetos

192 1854 553 2008 &gtfglfssffilssgsfflf
863 1900 943 1966 Cum
959 1864 1368 1976 naturaevincuntmetaa

192 2023 235 2090 Et
249 2023 354 2090 11111111
368 2024 521 2090 materia:
864 1979 1364 2060 constantesservantathlotae,

502 2109 509 2123 ·
547 2107 554 2122 ·
611 2108 617 2121 ·
863 2067 1092 2134 Admortiaau
1136 2063 1254 2132 licium.

191 2107 671 2276 6666666666,
808 2150 838 2213 a
863 2151 958 2218 so
1085 2085 1209 2232 61..
1223 2147 1317 2226 t„

192 2275 256 2342 Sed
271 2276 300 2342 11
314 2276 470 2342 ,amonem
486 2277 624 2359 1111111111,
864 2235 952 2314 Quae
964 2236 1029 2302 iarn
1045 2251 1117 2300 cum
1129 2232 1260 2300 victrice
1273 2231 1382 2316 palma

190 2359 244 2426 Fit
258 2377 296 2425 ex
311 2357 431 2428 Christi
447 2361 562 2442 gratia.
864 2316 1268 2486 Rfflsagguffieffiffis,

138 2489 168 2552 3.
193 2483 245 2551 Ab
261 2484 353 2552 annia
367 2482 524 2551 infantiae
865 2487 909 2554 Et
925 2489 965 2555 ab
981 2505 1064 2570 agno
1079 2485 1254 2562 coronaria,

191 2565 308 2634 Studet
321 2567 533 2650 innocentiae,
865 2571 989 2656 Sponsa
1003 2588 1038 2637 es
1054 2577 1087 2638 et
1101 2569 1176 2636 filia.

193 2650 528 2734 Castrumpudicitiac
809 2653 839 2716 7.
866 2653 1279 2738 Audipreces,vidavota,

192 2735 521 2804 Servanaillibatum:
865 2739 954 2816 Quae
969 2740 1028 2807 tibi
1043 2743 1149 2806 mente
1164 2737 1282 2804 devota

192 2819 413 2902 Ipsistonain
429 2823 497 2888 acic
865 2823 961 2890 Plebs
976 2821 1069 2890 offert
1081 2821 1237 2889 fidelium:

193 2901 588 2987 Pugnatverbisgrotiac,
866 2907 1341 2990 Etposthuiuevitaestatuut

193 2987 376 3070 Tyrannum
390 2989 554 3074 potentiae
867 2992 1009 3058 Ducnoa
1025 2988 1347 3072 tecumadoptatum

193 3069 353 3155 Spernens
368 3073 576 3140 dominatum.
868 3073 1057 3142 Sanctorum
1071 3073 1277 3142 consortium.

136 3267 155 3322 p
182 3178 298 3308 migma
334 3179 436 3240 Danial
454 3180 488 3254 V,
506 3185 561 3246 250
579 3197 614 3242 cx
632 3179 712 3244 iiior.
731 3179 887 3242 Barnun.
905 3182 1124 3252 Eoelnioloniet
1143 3180 1254 3240 xcvll.
1271 3179 1343 3248 Aug·
1360 3176 1437 3234 1858.

685 3425 883 3440 Μ

510 3570 581 3636 tta.
625 3568 668 3637 Iu
679 3569 860 3658 scsiiutotc
879 3590 906 3636 a.
927 3567 1069 3653 Annalis.

139 3709 168 3772 1.
193 3699 327 3782 Agnetis
341 3699 484 3768 solennio
867 3701 1288 3785 Virgoprudcnc,hurnilia,

191 3784 316 3852 Peallat
330 3802 402 3851 curn
417 3784 559 3868 tripudio
866 3787 988 3854 Fidelis
1003 3791 1037 3852 et
1052 3785 1187 3865 stabilia,

192 3868 369 3951 virginalia
384 3869 494 3936 concio
866 3869 1196 3938 Inverbismirabilis

193 3953 375 4020 Nisutoto:
866 3953 910 4020 Et
926 3951 1096 4035 profunda.

192 4037 230 4104 In
245 4035 314 4102 eiua
328 4037 483 4119 martyrio
812 4043 840 4105 3.
867 4038 993 4122 Sponsa
1006 4039 1092 4119 regis
1108 4036 1239 4120 gloriae,

194 4121 401 4202 Respondeas
416 4138 489 4187 cum
504 4121 622 4204 gaudio
866 4121 1069 4204 Tupalmom
1085 4121 1238 4188 victoriae

195 4203 314 4270 Grates
327 4204 388 4270 Dei
402 4203 468 4272 filio
865 4207 903 4274 In
919 4206 1011 4272 annis
1027 4203 1182 4272 infantiae

195 4287 290 4368 Voce,
305 4293 392 4355 voto.
865 4289 1031 4356 Meruiati:

139 4378 169 4438 2.
196 4373 304 4455 Agnes
318 4371 408 4454 virgo
424 4373 552 4454 nobilia,
865 4371 1269 4456 Nuncgaudesinraquic

194 4456 295 4537 Virgo
308 4458 511 4538 venerabilia,
867 4457 1210 4525 Parmanentiscuriae

193 4539 525 4624 Dulcisetanabilis,
867 4539 981 4609 Coram
996 4541 1081 4608 dulci
1095 4539 1177 4608 facie

194 4621 294 4708 Virgo
308 4624 445 4694 onmia:
866 4624 1089 4695 IeauOhrieti.

1169 4723 1242 4794 33*
