3218 5234
731 363 940 426 -88-

263 545 451 628 synagogae
466 545 524 612 fios
538 547 696 629 marescit,
864 554 912 615 13.
936 546 1010 614 Iesu
1026 546 1137 626 victor,
1152 547 1226 614 lesu
1241 548 1317 629 vita,

262 629 306 694 Et
320 629 415 695 floret
444 631 585 698 ecclesia.
934 632 1009 697 Iesu
1023 632 1109 698 vitae
1125 634 1176 698 via
1191 634 1279 712 trita,

192 719 239 779 12.
261 714 476 781 Morsetvita
493 714 673 795 conflixere,
934 717 1031 782 Cuius
1047 722 1150 782 morte
1165 715 1378 798 morssopita,

262 799 451 864 Resurrexit
465 797 612 866 Christus
627 819 702 865 vere
936 800 985 864 Ad
1000 800 1183 881 paschalem
1199 819 1258 865 nos
1272 801 1374 866 invita

263 881 391 947 Etcum
408 881 536 948 Christo
552 902 718 949 surrexere
936 884 1078 949 Mensam
1094 903 1165 950 cum
1180 883 1310 950 fiducia:

263 965 357 1031 Multi
372 975 473 1032 testes
488 969 622 1048 gloriae:
935 965 1014 1032 Vive
1029 969 1129 1049 panis,
1145 969 1239 1033 vivax
1254 969 1349 1048 unda,

263 1049 358 1114 Mane
373 1069 498 1132 novum,
516 1069 608 1118 mane
623 1053 742 1118 loetum
934 1049 1021 1116 Vera
1035 1053 1109 1117 vitis
1125 1058 1159 1117 et
1172 1052 1338 1132 foecunda,

264 1133 487 1214 vespertinum
503 1141 611 1217 tergat
625 1135 746 1218 lictum,
935 1133 984 1198 Tu
1000 1153 1056 1200 uos
1071 1152 1175 1217 pasce,
1194 1141 1231 1202 tu
1246 1155 1302 1202 nos
1317 1137 1446 1218 munda,

263 1215 346 1294 Quia
359 1217 426 1283 vita
440 1219 517 1285 vicit
531 1219 647 1285 letum:
936 1218 1361 1286 Utamortenossecuuda

263 1300 402 1384 Tempus
417 1306 468 1369 est
482 1303 634 1370 laetitiae.
935 1301 1004 1368 Tua
1019 1301 1122 1370 salvet
1135 1305 1251 1386 gratia

261 1426 287 1466 a.
305 1409 398 1468 Tenet.
435 1411 569 1469 (llichtov.
587 1411 635 1482 1v‚
657 1413 716 1468 169.
734 1410 855 1466 Dareus
873 1409 974 1466 Daniel
1009 1411 1045 1482 11,
1065 1415 1109 1469 69.

262 1499 285 1554 5.
305 1497 486 1553 Leearten.
523 1503 549 1568 4,
568 1503 592 1555 5.
611 1500 812 1570 rhomphaeam
830 1499 899 1554 Dan.
919 1500 997 1569 -5,
1020 1503 1044 1556 1.
1062 1500 1219 1556 visusDan.
1239 1505 1318 1572 -7,
1337 1505 1363 1558 2.
1383 1502 1499 1559 Christi
1596 1499 1597 1550 ἑ

189 1571 261 1626 Dan.
280 1601 314 1611 -
332 1573 358 1640 8,
376 1573 402 1626 4.
422 1571 573 1640 aneptitius
592 1573 664 1626 Dan.
1596 1593 1597 1598 ¹

262 1673 284 1713 c.
304 1656 458 1712 Bemerlr.
487 1661 512 1712 2.
532 1658 646 1725 „Olicht
658 1659 790 1727 intelligit
805 1657 838 1713 de
852 1659 964 1714 vasibus
980 1662 1120 1730 argenteis
1139 1666 1168 1715 et
1185 1662 1288 1731 aureis,
1308 1677 1379 1729 quae
1397 1677 1500 1720 secum

190 1731 342 1800 portabant
359 1730 469 1785 Iudaei:
489 1729 616 1796 equidem
634 1728 740 1784 cladem
759 1729 1004 1798 primogenitorum
1023 1732 1205 1802 significatam
1222 1737 1317 1802 poto.“
1336 1735 1445 1789 Daniel.
1456 1766 1498 1776 -

190 1804 216 1871 8,
240 1809 266 1858 4.
289 1803 377 1872 „Dea
402 1815 483 1870 enep.
502 1801 520 1855 i.
540 1817 563 1857 e.
583 1801 659 1856 Sauli
682 1801 770 1870 regis,
798 1802 943 1857 incolumis
969 1803 1074 1873 effugit.
1096 1809 1119 1859 1.
1137 1802 1206 1872 Reg.
1226 1808 1274 1874 21,
1299 1807 1340 1860 ita
1362 1807 1498 1862 Christus
1596 1789 1597 1830 f

189 1889 270 1929 verus
289 1874 342 1928 Dei
360 1872 433 1926 iilius
452 1873 546 1928 salvus
564 1873 679 1926 evasit.“
698 1873 768 1928 Dan.
785 1902 819 1911 -
832 1871 906 1926 Eine
925 1873 1054 1930 deutsche
1075 1875 1279 1946 Ueteraeteunq
1297 1877 1357 1930 unu
1373 1878 1500 1947 Anpahe

188 1961 258 2084 Ξωῗς
259 1946 350 2071 511εέ1311
369 1946 420 2013 (on
437 1945 485 2012 30)
503 1943 699 2064 ¹Bihelstclten,
719 1945 774 2014 eus
790 1943 835 1998 die
854 1945 903 1999 der
922 1943 1042 2002 Dichter
1061 1947 1254 2017 hirvpedeotet,
1276 1947 1328 2002 hat
1345 1948 1500 2004 Schlosser
1596 1975 1597 1978 ¹

744 2141 943 2150 —n-———-.--

312 2271 361 2334 92.
404 2265 455 2334 De
475 2266 700 2333 resurrectio-ue
724 2267 843 2335 Christi
857 2269 949 2354 ferio
969 2267 994 2332 I
998 2269 1031 2334 V.
1047 2275 1123 2351 post
1144 2275 1240 2338 octav.
1257 2271 1370 2352 pasca

604 2401 720 2471 (Auctor
738 2407 782 2458 eat
799 2401 907 2457 Notker
925 2401 1079 2473 Balbulus.)

213 2529 240 2588 1.
263 2522 387 2588 Laudes
402 2521 530 2588 Christo
545 2521 704 2606 redempti
718 2539 794 2588 voce
808 2522 1009 2588 modulemur
1024 2524 1167 2606 supplici.

211 2613 240 2672 2.
263 2608 374 2673 Omnis
388 2607 420 2670 in
435 2605 495 2671 hac
510 2605 561 2672 die
578 2625 684 2672 rernm
699 2611 816 2672 natura
829 2607 966 2672 iubilans

212 2700 240 2760 3.
263 2693 415 2757 Personat
430 2691 601 2756 immensas
616 2689 681 2755 filio
696 2691 756 2756 Dei
772 2691 904 2773 gratias.

210 2781 239 2844 4.
263 2777 331 2840 Iam
346 2775 447 2840 nostri
463 2775 606 2840 concives
622 2775 768 2841 coelestis
782 2775 956 2840 sanctuarii
971 2775 1100 2857 militen,

211 2863 240 2924 5.
263 2859 399 2925 Ordines
415 2861 529 2924 noveni
544 2859 578 2924 in
592 2863 700 2924 vestra
715 2878 772 2924 nos
787 2859 927 2925 adunate
941 2859 1069 2940 gaudia.

211 2947 240 3008 6.
262 2943 414 3024 Hymoite
429 2961 512 3008 nunc
527 2943 643 3026 superi,
661 2943 783 3026 pariter
796 2949 945 3009 resonate
959 2943 1063 3023 inferi,

211 3036 239 3095 7.
262 3027 306 3091 Et
321 3027 422 3091 omnis
437 3028 470 3092 in
486 3027 613 3092 Domini
627 3028 758 3110 spiritus
773 3028 956 3109 gratuletur
972 3027 1090 3107 aeneai,

209 3115 238 3176 8.
262 3109 323 3187 Qui
337 3111 473 3177 hominis
489 3129 586 3176 causa
600 3110 686 3177 Deus
703 3111 797 3176 homo
812 3112 955 3177 nascitur

209 3199 238 3258 9.
260 3195 302 3258 Et
317 3193 423 3276 fragili
439 3213 532 3260 carno
548 3214 583 3260 sc
596 3195 709 3260 Deitas
724 3195 870 3262 occulens
884 3195 1004 3278 probra
1019 3193 1172 3260 sustinuit
1186 3195 1318 3278 patiens,

190 3283 238 3344 10.
261 3278 453 3358 Virtutibus,
470 3279 569 3360 signis
585 3285 621 3344 ut
635 3277 722 3345 Deus
737 3280 876 3360 emicuit,

190 3368 238 3426 11.
261 3362 305 3427 Ε1
319 3363 460 3443 corporis
476 3364 578 3428 nostri
593 3363 785 3428 necessitate
801 3361 910 3428 fruens
927 3381 1021 3428 varus
1036 3363 1199 3444 terrigena
1213 3363 1338 3430 claruit.

189 3452 238 3512 12.
261 3446 310 3511 Ab
325 3446 417 3512 hoste
432 3451 575 3512 tentatus
591 3465 654 3511 non
670 3452 720 3512 est
734 3447 863 3528 agnitus
878 3466 980 3528 neque
997 3446 1147 3512 divinitas
1166 3447 1287 3528 patuit:

189 3535 237 3596 13.
259 3531 320 3596 Ars
336 3537 436 3596 artem
453 3531 581 3612 delusit,
597 3530 697 3596 donec
711 3533 831 3596 veteris
846 3531 965 3597 nodum
979 3531 1096 3614 piaculi
1111 3531 1221 3598 secuit.

189 3620 237 3680 lt.
260 3614 297 3679 In
312 3633 369 3680 ara
384 3616 487 3679 crucis
502 3615 639 3680 hostiam
655 3633 689 3680 se
705 3615 870 3697 pronubis
886 3615 1032 3682 Christus
1048 3614 1167 3680 obtulit
1181 3614 1249 3679 Deo
1265 3614 1360 3694 patri,
1385 3619 1491 3678 morte
1596 3633 1597 3636 ¹

336 3717 393 3763 sna
407 3703 518 3763 nostra
533 3699 728 3764 mortificans
744 3699 885 3764 crimina.

188 3785 236 3847 15.
260 3783 327 3847 Iam
341 3784 445 3846 victor
461 3781 606 3848 Christus
630 3784 760 3849 baratro
781 3783 945 3864 populato,
973 3785 1086 3850 mortis
1112 3781 1256 3865 principe
1269 3781 1431 3847 vinculato
1447 3780 1489 3846 ab

335 3865 445 3932 inferis
460 3885 577 3948 pompe
590 3867 770 3947 regreditur
787 3867 894 3935 nobili.

188 3953 236 4014 16.
259 3948 349 4014 Haec
363 3955 414 4015 est
429 3951 507 4031 dies,
523 3969 606 4033 quae
620 3951 724 4016 illuxit
739 3957 812 4033 post
826 3951 954 4018 turbida
968 3953 1058 4033 regni
1074 3950 1267 4032 Aethiopum
1282 3953 1437 4031 tempora,

187 4039 235 4098 17.
259 4033 404 4100 Christus
418 4036 451 4100 in
466 4053 531 4116 qua
545 4036 721 4102 resurrexit
742 4035 827 4100 ultre
851 4037 992 4102 victurus
1012 4055 1084 4101 cnm
1104 4054 1209 4115 carne,
1231 4052 1328 4117 qnam
1350 4032 1490 4114 sumpsit
1596 4071 1597 4076 κ

335 4117 375 4183 de
391 4119 495 4184 illaria
508 4120 639 4202 virgine.

186 4206 234 4268 18.
258 4201 320 4280 Qui
336 4220 427 4267 ovem
442 4221 512 4268 cum
527 4203 644 4284 gaudio
660 4205 753 4286 patri,
770 4221 866 4286 quam
881 4204 1075 4287 perdiderat,
1092 4205 1225 4270 humero
1240 4203 1363 4269 revexit
1377 4219 1444 4267 sno.

256 4327 281 4366 a.
300 4309 397 4366 Tect.
434 4311 533 4366 Daniel
559 4311 608 4378 Π,
636 4316 696 4367 178.
721 4315 783 4368 291.
807 4329 860 4368 aas
884 4313 975 4368 Berol.
1003 4317 1026 4367 1.
1055 4328 1127 4368 suec.
1153 4311 1202 4366 XI.
1228 4311 1273 4380 (A)
1298 4311 1359 4366 ond
1377 4309 1489 4380 einipen

183 4383 262 4438 Miss.
281 4413 315 4422 -
334 4385 397 4451 Seq.
417 4383 486 4437 Dav.
508 4385 576 4437 1495
595 4383 645 4454 (Β).
664 4385 743 4441 Miss.
764 4385 820 4440 Col.
842 4387 911 4440 1504
930 4385 980 4454 (C),
998 4385 1072 4453 Mog.
1086 4388 1153 4440 1507
1174 4385 1228 4454 (D),
1248 4384 1328 4451 Prag.
1341 4383 1410 4436 1507
1431 4381 1488 4450 (E),

183 4454 270 4537 hlind.
292 4459 360 4537 1510
379 4454 432 4521 (F),
451 4453 552 4509 Numb.
573 4457 642 4510 1517
662 4455 714 4580 (Οὲ.
734 4485 767 4495 —-
786 4455 905 4580 Adelph.
924 4459 958 4510 33
979 4457 1042 4526 (Η),
1061 4455 1141 4525 Lnd,
1160 4455 1242 4510 Torr.
1260 4483 1295 4496 -—
1315 4453 1396 4536 Steht
1415 4451 1490 4506 auch

183 4542 223 4579 em
241 4525 305 4580 Cod.
325 4526 443 4580 Ernsidl.
465 4529 523 4578 121.
544 4540 615 4580 saec.
636 4527 669 4580 X.
712 4525 755 4580 od.
770 4527 796 4580 S.
813 4527 854 4581 Ga
868 4527 884 4581 l.
904 4529 956 4582 546
975 4527 1128 4598 (Brunder),
1146 4543 1262 4582 moruus
1272 4524 1380 4580 Daniel
1398 4521 1432 4593 V,
1450 4525 1488 4577 56

184 4597 230 4652 die
248 4603 320 4652 erote
338 4596 416 4652 Zeile
433 4597 499 4651 hat:
517 4597 628 4651 Laudes
648 4597 783 4666 redempti
803 4599 914 4654 Christo
933 4597 1024 4654 corde.

253 4686 279 4740 b.
298 4683 484 4740 Lesarten.
521 4683 691 4754 redemptori
709 4683 796 4738 ADH.
823 4715 857 4724 -
883 4688 908 4738 2.
928 4684 1027 4739 iubilat
1045 4683 1071 4738 A
1090 4683 1160 4738 Lud.
1181 4685 1261 4740 Torr.
1280 4683 1378 4740 iubilet
1395 4681 1431 4736 D.
1451 4709 1487 4721 —

182 4759 208 4812 3.
227 4755 371 4813 Personat.
391 4757 422 4810 B.
443 4787 476 4799 ·-
495 4759 520 4812 5.
540 4763 638 4813 nostra
656 4756 690 4811 A.
710 4786 744 4798 -
763 4755 893 4814 adiuvate
918 4755 976 4810 BD.
1003 4786 1036 4796 -
1061 4759 1086 4811 6.
1105 4756 1267 4828 pariterque
1285 4756 1317 4812 Ε.
1343 4783 1377 4796 -
1401 4755 1428 4810 7.
1448 4749 1489 4808 Ut
