3240 5224
681 328 911 394 ...344-

152 509 182 572 3.
206 505 332 574 Maleus
346 505 380 572 in
399 507 529 573 exilium
826 515 854 574 7.
879 508 1057 590 Dignorum
1071 504 1173 588 fulget
1187 503 1328 587 floribus,

208 591 306 672 Sequi
320 590 380 656 Dei
395 589 495 656 filium
879 591 1063 658 Duloedinis
1078 590 1231 656 odoribus

206 674 372 757 Egestetis
387 693 508 758 gressu.
880 675 1285 756 Fulcituspreesignetur.

208 757 551 825 Cesuvolensatrium
881 759 1318 838 Coneentuumolemoribus

206 842 530 926 Remeeritputrium
880 844 1097 910 Laudandum
1110 842 1296 921 honoribus,

207 925 374 1009 Temporis
385 945 550 1076 Krooessu.
879 927 941 993 Hic
957 933 1087 994 sanetus
1103 926 1291 1022 tumuletur.

152 1013 183 1074 4.
209 1011 384 1093 Deprimen
407 1031 436 1092 o,
825 1014 854 1075 8.
881 1011 973 1077 Nunc
987 1010 1112 1092 angelis
1127 1015 1314 1088 associatus,

208 1095 404 1163 Ocoultendo
880 1095 1332 1177 Apostolisoohseresdetus

208 1179 563 1263 Seindomopetriee;
880 1179 1059 1262 Martyrum
1073 1179 1196 1260 gaudes
1214 1177 1367 1261 proemio.

207 1262 415 1344 Femudundo‚
881 1262 1339 1329 confessorumtedeeoretus

208 1347 377 1414 Erulsndo
879 1346 1047 1428 virginum
1061 1364 1188 1429 quoqne
1206 1345 1367 1412 lueidstus

207 1431 354 1498 Sustinet
368 1431 549 1515 opprobrie.
881 1431 1003 1496 Chorus
1018 1431 1135 1498 looevit
1150 1429 1279 1512 gaudio.

153 1515 183 1576 5.
209 1516 331 1600 Spiritu
346 1516 449 1581 cernit
465 1515 629 1580 imminere
824 1512 853 1574 9.
880 1515 926 1580 Te
940 1515 1108 1581 laudamus
1124 1515 1352 1597 hymnizantes,

209 1600 327 1666 Cesum
342 1599 453 1666 caduci
467 1599 644 1681 plasmatis,
880 1599 1093 1682 lnploramus
1107 1600 1310 1677 suscitantes,

208 1684 317 1750 Mente
331 1683 437 1768 eoepit
450 1683 652 1765 congaudere
879 1683 957 1749 Tuis
971 1681 1064 1748 nobis
1080 1681 1267 1765 suffrageris

208 1768 396 1834 Deuotionis
412 1767 573 1850 cymbalis.
880 1767 1004 1833 Meritis
1018 1768 1150 1833 eximiis.

154 1844 184 1906 6·
209 1851 407 1934 Registrevit
421 1851 636 1934 consignando
880 1851 907 1916 Ο
923 1851 1025 1931 Alexi,
1040 1851 1109 1916 Deo
1124 1851 1231 1931 chore,

208 1936 301 2002 Facti
315 1937 366 2002 sui
383 1936 537 2016 ordinem,
880 1935 945 2000 Fso
960 1935 1044 2018 (nos)
1059 1942 1165 2002 tecum
1179 1933 1388 2016 contemplari

210 2019 315 2086 Goelis
330 2019 432 2086 tradit
446 2019 601 2086 evolando
880 2019 941 2085 Dei
954 2021 1058 2104 petris
1072 2021 1215 2085 salutare

208 2105 348 2189 Spiritus
364 2103 598 2187 pinguedinem.
880 2103 1019 2188 Spiritus
1033 2105 1067 2170 in
1081 2104 1217 2170 intimis!

224 2229 250 2268 a.
268 2212 363 2268 Text.
400 2213 491 2268 Morel
509 2211 560 2267 No.
571 2214 632 2266 328.
651 2211 751 2268 3194.
770 2228 836 2267 aue.-
855 2211 909 2266 Hs.
928 2230 966 2268 zu
982 2211 1024 2268 St.
1035 2211 1137 2268 aaron
1153 2213 1207 2268 No.
1226 2214 1279 2268 346
1297 2207 1454 2283 (munder),

152 2282 201 2338 Bt.
220 2287 282 2352 131,
300 2285 352 2339 mit
371 2285 432 2338 dem
450 2282 537 2338 Titel:
556 2283 599 2337 De
617 2291 715 2340 senoto
734 2283 843 2352 Alexio,
862 2283 1023 2341 confessore
1037 2285 1149 2354 obsisti,
1169 2285 1316 2353 sequentis
1332 2283 1406 2337 bone
1425 2287 1454 2335 et

152 2354 261 2424 devote,
279 2355 350 2411 ohne
367 2353 498 2410 Melodo‘e.
536 2353 598 2408 Der
616 2351 695 2422 Terei,
718 2355 771 2410 wie
789 2355 821 2409 in
838 2371 870 2410 eo
888 2356 977 2410 violes
1002 2356 1110 2410 andm
1127 2355 1286 2425 Sequeneen
1299 2354 1381 2422 jener
1398 2350 1453 2406 Hs.

151 2427 314 2556 gerdorbfz.
334 2427 487 2555 ῖὼῦἒηίὠ
506 2425 538 2495 V,
557 2428 593 2481 26
611 2425 662 2482 hut
680 2427 726 2482 do'e
744 2430 761 2482 3
780 2433 872 2482 ersten
890 2426 986 2482 Zeileo
1004 2443 1056 2482 aue
1075 2427 1218 2482 dorsetben
1233 2425 1297 2494 He,
1316 2425 1366 2480 dot
1384 2423 1453 2478 uber

177 2514 223 2556 eur
241 2515 294 2556 eor
326 2515 341 2554 r
388 2515 430 2554 u.

222 2585 249 2640 b.
268 2583 455 2640 Losorion.
491 2587 518 2653 4,
537 2587 563 2639 3.
582 2583 625 2639 Eo
642 2585 682 2640 iet
699 2585 754 2640 wel
771 2585 864 2656 patrie
882 2585 930 2640 des
948 2583 1060 2640 Reimes
1077 2599 1170 2656 weges
1188 2601 1225 2640 eu
1242 2584 1324 2638 desen.

599 2871 671 2932 494.
714 2865 814 2933 Des.
836 2865 1009 2948 Aneqoodo.

158 2970 236 3040 (eeu.
255 2975 281 3026 8.
299 2971 375 3040 Sept.
394 2975 446 3026 801
464 2973 496 3026 in
514 2973 565 3030 der
582 2974 704 3032 Dioeeee
721 2977 846 3044 Amicos,
863 2981 932 3048 gest.
952 2975 995 3030 uls
1013 2973 1189 3044 Erebiscdof
1203 2971 1391 3043 unddpoetel
1408 2972 1457 3027 dee

420 3041 553 3100 Nordens
571 3063 617 3101 am
635 3051 661 3102 3.
680 3046 763 3103 Febr.
782 3051 844 3119 865,
862 3047 973 3102 oerehrt
991 3063 1037 3101 am
1055 3049 1080 3100 3.
1100 3043 1198 3116 Febr.)

161 3169 188 3229 l.
214 3165 344 3232 Summo
359 3166 429 3248 regi
443 3185 653 3250 supernorum
832 3173 860 3234 5.
888 3167 976 3234 Coeli
991 3167 1116 3251 spargit
1129 3187 1168 3234 ex
1182 3169 1336 3234 thesauro

212 3249 532 3333 lubilemuspuriter‚
887 3251 1041 3320 Veritatis
1056 3253 1203 3334 gretiam,

213 3333 293 3400 Eius
308 3334 420 3400 leudes
435 3339 468 3400 et
483 3339 665 3402 sanctorum
885 3336 935 3401 Ex
950 3336 1115 3402 doetrinae
1129 3335 1252 3418 profert
1265 3355 1345 3404 euro

213 3417 393 3486 Psellentes
407 3418 612 3487 sollemniter.
885 3419 977 3486 Fidei
992 3421 1213 3487 constentiam.

157 3503 186 3564 2.
211 3501 365 3569 Ludoriei
378 3521 489 3586 preces
503 3502 612 3571 ferunt

212 3584 327 3668 Legati
343 3585 383 3652 de
398 3586 511 3654 Sueeis
830 3594 858 3654 6.
885 3587 1012 3654 Profert
1026 3589 1159 3654 verbum
1174 3606 1235 3654 vox
1250 3588 1358 3656 divine

211 3667 255 3735 Et
268 3668 415 3736 doctores
431 3671 492 3737 sibi
508 3678 668 3754 quaerunt
886 3671 1055 3738 Radiundo
1070 3671 1212 3753 coelitus,

211 3753 551 3837 Praediosndigretie.
883 3754 975 3832 Quod
990 3755 1144 3837 procedet
1157 3756 1192 3821 in
1208 3755 1355 3824 doctrine

211 3837 332 3903 Dootor
345 3837 433 3904 mitis
447 3839 515 3904 Deo
530 3840 607 3907 vitis
884 3839 928 3904 Et
941 3839 1061 3906 virtute
1076 3841 1218 3923 spiritus.

211 3919 351 3988 Odertus
366 3923 543 4005 Ansgarius

210 4003 552 4088 Praedioundigrutiu.
828 4012 857 4072 7.
885 4005 948 4073 Pro
962 4007 1096 4090 paganis
1110 4008 1333 4075 convertendis

155 4087 185 4149 3.
210 4087 250 4153 In
265 4095 407 4156 extremo
422 4096 528 4160 terreo
544 4093 608 4160 site
883 4091 1021 4157 Fervida
1036 4091 1164 4157 devotio

211 4171 365 4238 Suionum
380 4176 480 4257 regio.
884 4172 948 4240 Gor
962 4175 1106 4241 accendit
1120 4179 1153 4242 et
1168 4175 1314 4242 extendit

209 4256 247 4322 In
262 4273 406 4322 errorum
422 4259 517 4326 sorde
529 4261 607 4325 trito
882 4259 920 4324 In
935 4258 1097 4326 doetrinae
1113 4259 1231 4326 studio.

209 4339 363 4406 Traditur
378 4341 549 4424 Ansgerio:

153 4423 184 4484 4.
209 4424 272 4508 Per
286 4423 465 4490 doctrinam
480 4431 517 4491 ut
529 4427 632 4508 polito
827 4432 856 4491 8.
882 4427 993 4492 Monet
1007 4445 1135 4493 sursum
1149 4428 1337 4511 inspirando

208 4507 455 4576 Fiethebitutio
881 4510 943 4575 Dei
958 4509 1121 4586 revelatio,

209 4591 348 4673 Christo,
365 4594 419 4675 qui
435 4597 483 4659 est
497 4593 552 4658 lux
567 4597 601 4658 et
614 4595 681 4660 vito
882 4592 974 4670 Quod
988 4594 1140 4678 procedet
1154 4595 1366 4675 germinando

210 4675 578 4759 Sunnoqueperfeotio.
882 4676 1170 4764 Suepreedioetio.
