3218 5234
731 244 943 304 -72-

95 511 103 540 x
181 425 210 488 3.
237 417 332 486 Salve
347 439 424 486 crux
439 425 559 501 sancta,
855 432 886 492 4.
912 421 997 488 Audi
1012 439 1080 504 nos,
1096 439 1153 488 rex
1168 421 1302 504 Christe,

236 505 321 569 Vera
335 523 411 586 spes
425 524 520 571 verae
535 505 658 585 salutis
911 505 1058 572 Clemens
1074 513 1107 572 et
1121 507 1310 588 misericors,

235 588 298 653 Per
312 593 344 654 te
360 589 521 655 salvemur
911 591 1023 656 Deduc
1037 609 1095 656 nos
1111 591 1170 656 hoc
1185 593 1275 673 signo

236 672 578 757 Semperapericnlis.
910 676 1251 758 Adaeternagaudia.

250 797 275 836 a.
294 779 388 836 Tact.
425 783 580 840 MoneNo.
602 783 716 851 1os.(1‚
737 784 808 850 137.)
837 798 907 838 arcs:
935 782 1146 852 „Reichcuaucr
1163 783 1311 854 Pup-Hs.
1348 785 1399 840 No.
1419 787 1487 840 209.

178 849 359 993 &halwil
376 851 739 910 Machameus-Daniel
757 853 791 923 V,
810 855 853 910 91.
871 854 921 909 hat
939 856 991 910 den
1009 856 1126 927 Ausaup
1144 873 1197 912 uus
1217 856 1282 912 Cod.
1302 857 1328 911 S.
1347 856 1417 912 auli.
1428 859 1487 911 546

214 941 229 978 r
247 941 264 978 n
301 941 335 978 r.

250 1011 276 1066 b.
295 1009 452 1064 cherlc.
492 1013 516 1079 1,
530 1013 556 1064 l.
575 1009 721 1078 „Salutate
740 1009 813 1064 stelit
825 1007 880 1076 scir
898 1009 975 1064 salus
994 1009 1061 1063 oder
1080 1009 1209 1080 salvatur,
1229 1011 1319 1066 dieser
1334 1010 1489 1067 Cebruuch

177 1081 422 1210 ffizrzonffutsuffl
435 1082 547 1208 &coacte
574 1098 627 1136 aus
654 1081 704 1136 der
726 1080 917 1151 griechischen
934 1079 1181 1150 Kircheusprachc
1204 1083 1237 1136 iu
1255 1083 1300 1136 die
1317 1083 1489 1138 lateinische

636 1377 685 1437 67.
728 1371 780 1438 Dc
799 1376 913 1437 saucia
933 1389 1032 1436 cruce.

182 1511 208 1571 1.
235 1505 427 1572 Ecceurbor
444 1507 606 1585 saluteris,
909 1504 1306 1571 Tesalvatorsubhmavit

233 1590 371 1672 Lignum
386 1597 540 1670 sunctum,
557 1607 668 1673 expers
682 1589 769 1672 paris
908 1589 952 1654 Et
965 1593 998 1652 te
1012 1589 1105 1655 nobis
1123 1591 1330 1670 consecravit,

232 1675 374 1756 Fulgens
390 1674 508 1740 Christi
523 1673 694 1754 sanguine:
909 1671 957 1738 Tu
972 1689 1007 1738 es
1024 1677 1134 1737 nostru
1148 1674 1260 1754 gloria.

232 1759 303 1824 Hoc
317 1759 468 1824 vexillum
482 1757 684 1839 triumphale,
854 1758 883 1820 6.
909 1755 1024 1821 Contra
1042 1757 1150 1822 hostes
1165 1762 1200 1822 tu
1216 1757 1328 1836 tutela,

231 1843 322 1909 Inter
336 1843 424 1926 ligna
438 1843 561 1909 nullum
577 1843 641 1908 tale
910 1841 1030 1906 Contra
1044 1841 1171 1906 morbos
1186 1847 1223 1906 tu
1237 1841 1372 1922 medela,

233 1927 336 1992 Tanto
351 1927 473 1992 clarum
489 1926 640 2008 germine.
911 1923 1005 1990 Salus
1020 1926 1053 1989 in
1068 1925 1235 2006 periculis:

177 2011 207 2072 2.
232 2013 362 2076 Aeneus
376 2011 436 2076 hoc
451 2011 533 2077 fixus
548 2011 673 2092 anguis,
910 2009 947 2074 In
962 2008 1081 2074 virtute
1096 2010 1247 2089 gratiosa,

232 2094 397 2160 Preticsus
412 2095 502 2160 cuim
518 2095 648 2176 sangnis
908 2093 946 2158 In
961 2093 1131 2174 triumphis
1147 2093 1296 2174 gloriosa,

232 2178 495 2258 Plagasnustras
514 2178 663 2244 abstulit:
910 2177 1101 2242 Veneranda
1116 2178 1262 2242 saeculis.

234 2261 714 2344 Dumpercnssusaserpente,
855 2261 883 2323 7.
908 2261 1141 2326 Intemcrtem
1156 2263 1391 2343 morsnecavit,

232 2346 306 2428 Ipso
321 2345 414 2412 nobis
430 2345 627 2424 condolente,
907 2345 993 2409 Dum
1009 2363 1043 2410 se
1057 2345 1161 2426 ipsum
1176 2345 1353 2412 immolavit

233 2429 275 2494 Se
290 2431 497 2511 spectandum
513 2429 640 2495 obtulit.
907 2427 993 2494 Vera
1008 2427 1154 2494 Christus
1169 2428 1287 2495 hostia:

178 2513 207 2574 3.
232 2513 294 2578 llic
309 2518 359 2579 est
372 2513 482 2596 lectus,
499 2531 561 2595 quo
576 2509 738 2595 perfectae
907 2511 970 2577 Per
984 2518 1016 2578 te
1032 2511 1180 2578 Christus
1194 2513 1286 2580 hoste
1301 2517 1411 2596 strato,

234 2596 385 2664 Caritatis
402 2599 458 2663 dat
473 2598 607 2664 dilectae
908 2595 1037 2662 Inlerno
1053 2596 1241 2678 despohuto,

234 2681 378 2764 Sponsus
392 2699 527 2765 sponsae
541 2681 692 2764 pignora:
908 2682 958 2746 Ad
974 2699 1009 2746 se
1025 2681 1253 2746 trasitomnia.

233 2765 318 2831 Dum
334 2767 403 2831 eius
419 2785 527 2832 amore
541 2771 662 2830 motum
853 2761 882 2821 8·
909 2763 1043 2829 Crucem
1057 2769 1145 2830 tuam
1161 2764 1214 2846 qui
1228 2767 1366 2847 portasti

233 2849 360 2915 Trihuit
375 2868 409 2915 se
424 2851 527 2933 ipsum
542 2855 646 2916 tutum
907 2848 952 2913 Et
966 2867 1025 2914 nos
1040 2849 1148 2931 lapsus
1163 2851 1321 2931 reparasti

232 2933 348 2998 Mortis
362 2951 472 2998 serens
487 2933 627 3000 vulnera.
907 2933 1049 3016 Propriis
1066 2932 1245 2999 doloribus:

176 3011 205 3072 4·
231 3017 293 3082 ch
309 3017 459 3082 dilectum
473 3017 683 3083 rubicundum
908 3017 972 3082 Fac
987 3018 1148 3100 nosipsos
1163 3017 1333 3100 abnegare,

232 3100 358 3181 Sponsa
373 3119 475 3179 cerne,
492 3101 533 3166 da
547 3119 602 3166 cor
616 3099 769 3166 mundum
909 3099 1041 3166 Crucem
1055 3106 1199 3166 nostram
1214 3101 1356 3169 baiulare

231 3185 276 3250 Et
290 3185 439 3266 amplecti
454 3185 583 3266 cupido:
908 3185 1032 3251 Sanctis
1048 3185 1256 3267 inoperibus.

231 3269 282 3334 Da
296 3269 469 3352 amplexus,
484 3269 550 3352 liga
565 3286 673 3347 nexus,
852 3273 881 3334 9.
906 3268 1016 3334 Laude
1032 3270 1135 3334 crucis
1149 3269 1205 3350 qni
1219 3269 1387 3351 laetamur,

231 3354 293 3419 Hic
307 3354 435 3434 amoris,
453 3355 569 3434 cordis,
585 3354 650 3419 oris
907 3352 1044 3430 Christe,
1061 3352 1111 3431 da,
1126 3361 1163 3418 ut
1177 3355 1357 3420 muniamur

231 3437 277 3502 Ut
291 3435 409 3503 fruaris
423 3438 569 3504 candido.
906 3436 1016 3502 Crucis
1030 3436 1200 3502 beneficio:

176 3528 205 3589 5.
233 3521 259 3588 0
275 3540 362 3600 crux,
377 3540 445 3601 ave,
461 3523 554 3588 dulce
567 3523 699 3603 lignum,
779 3533 782 3540 ’
907 3519 998 3585 Utin
1014 3539 1106 3586 cruce
1122 3521 1304 3602 gloriemur,

232 3606 419 3672 Orthodoxa
432 3606 527 3671 laude
542 3605 672 3686 dignum
906 3606 975 3670 Tuo
991 3605 1082 3670 vultu
1098 3605 1252 3670 satiemur

231 3689 434 3772 Dignumque
449 3691 618 3756 memoria:
906 3689 943 3753 In
960 3689 1038 3754 coeli
1053 3689 1184 3770 palatio.

248 3813 273 3852 a.
292 3797 390 3883 Vaut.
410 3799 494 3854 illone
503 3797 555 3852 No.
568 3797 673 3920 ¹⁰⁷Vl'
684 3797 755 3866 140.)
765 3810 830 3850 aus:
840 3793 911 3864 „Ha
921 3813 958 3852 su
968 3795 1141 3853 Durmstudt
1155 3797 1477 3854 No.1228.15.Jatrt.“

179 3897 210 3909 -
229 3869 331 3924 Daniel
350 3869 384 3940 V,
405 3873 464 3924 181.
483 3869 534 3924 hut
552 3869 605 3923 den
647 3873 694 3922 eat
713 3883 765 3922 aus
785 3867 878 3921 Mune.

247 3957 272 4012 h.
291 3956 474 4012 Lesarteu.
513 3961 536 4026 l,
555 3958 580 4010 5.
599 3955 704 4025 lignum
722 3955 771 4011 Hs.
791 3983 825 3994 -
844 3957 871 4022 3,
881 3957 906 4009 6.
926 3953 1095 4024 „Eutweder
1114 3971 1216 4012 sanans
1235 3959 1303 4014 ouer
1322 3973 1422 4014 curans
1441 3973 1476 4012 ru

175 4029 294 4082 setsen.“
313 4028 404 4084 Mune.
423 4057 458 4070 -
477 4031 504 4096 8,
523 4032 549 4083 2.
568 4029 662 4097 lapsos
681 4027 728 4095 qui
746 4041 804 4095 rep.
823 4025 873 4082 Hs.

247 4131 270 4169 c.
288 4111 442 4168 cherlc.
480 4117 505 4168 7.
523 4111 607 4168 Nach
625 4112 689 4170 Joh.
708 4116 735 4182 3,
754 4116 796 4167 14.

724 4255 803 4262 ψ--ι-ι-
823 4255 922 4262 ———-—

457 4341 507 4401 68.
551 4331 594 4396 Iu
619 4334 909 4399 couuuemurutioue
929 4337 1060 4401 sauctae
1081 4333 1193 4398 eructa

179 4454 205 4513 1.
230 4448 428 4514 Veneremur
444 4449 545 4514 crucis
561 4448 692 4530 lignum,
741 4493 743 4498 -
904 4449 975 4514 Hoc
989 4455 1039 4515 est
1053 4467 1189 4532 numque
1204 4467 1329 4516 sacrum
1341 4451 1474 4532 signum,

232 4531 326 4609 Quod
341 4532 400 4598 hac
414 4531 465 4597 die
479 4531 541 4598 luit
556 4533 687 4615 dignum
904 4533 966 4599 Per
980 4533 1066 4615 quud
1079 4535 1233 4600 vincimus
1249 4534 1432 4617 malignum,

230 4615 330 4682 Ferre
345 4615 443 4684 saecli
455 4619 606 4700 pretium:
905 4617 949 4684 Et
962 4617 1111 4700 fugamus
1126 4619 1248 4686 vitium.
