3234 5246
767 297 999 362 -ata-

477 481 547 546 551.
591 475 643 542 De
664 495 689 542 s.
710 475 915 544 Ειιιηιενιιιιιο
937 479 1080 562 apocopa
1101 485 1131 546 et
1151 485 1298 564 martyre.

257 617 283 680 1.
307 608 606 761 Gaudensbecclesia
619 611 701 677 banc
716 611 874 679 dieculam
889 614 1069 681 venerando
1085 614 1224 680 celebret
1235 620 1331 698 atque
1345 618 1450 680 canat
1464 613 1535 678 altis

383 711 452 760 rou
475 713 524 774 ιιι,

256 785 284 845 2.
308 778 379 856 Qua
394 781 507 928 beatdus
521 779 628 862 superi
643 782 819 863 promeruit
839 797 940 864 regna
968 782 1054 863 regis
1079 782 1186 850 lucida
1211 782 1439 850 Emerammus
1464 781 1536 846 flatu

383 881 457 930 scau
482 881 545 928 ere.

255 955 284 1014 3.
307 947 407 1026 Quem
422 965 515 1013 carue
529 952 633 1013 mater
648 948 788 1014 Pictavis
803 949 946 1031 gravida,
967 949 1132 1016 civitatum
1148 951 1338 1034 lomaniae
1352 950 1537 1018 felicissima

383 1033 532 1112 omnium,
548 1031 640 1098 enixa
655 1037 705 1098 est
720 1032 843 1098 dulcem
857 1031 969 1114 filium,

255 1121 284 1182 4.
307 1113 368 1193 eri
382 1115 452 1200 ipso
466 1117 623 1200 pueritiae
644 1121 787 1200 tempore
808 1136 915 1183 rerum
939 1137 1065 1201 quoque
1086 1117 1284 1186 refutaverat
1298 1119 1535 1186 transeuntium

383 1201 511 1282 gaudia,
526 1200 711 1268 meditando
726 1202 789 1268 iam
804 1202 965 1268 coelestia.

255 1291 283 1350 5.
306 1283 387 1350 Tum
410 1285 494 1350 stola
513 1285 634 1366 gloriae
654 1291 807 1366 teguntur
830 1286 912 1352 colla
932 1287 1077 1370 speciosa
1098 1287 1186 1368 huic,
1208 1295 1242 1354 et
1265 1292 1361 1369 caput
1386 1293 1424 1352 et
1446 1285 1535 1351 corda

383 1369 538 1451 spiritalis
553 1370 662 1434 unctio
677 1387 751 1434 mox
764 1370 963 1454 impleverat.

254 1460 282 1521 6.
306 1453 407 1532 Quem
423 1453 490 1518 suis
504 1453 792 1601 ovibusXastorem
807 1459 918 1537 pastor
940 1456 1143 1538 subrogarat
1166 1475 1205 1522 ne
1228 1458 1437 1521 mansuetum
1459 1452 1533 1518 ovile

382 1538 532 1602 circuiret
547 1537 619 1602 calli
644 1555 661 1601 e
677 1537 743 1620 lupi
757 1537 871 1604 rabies.

254 1629 282 1686 7.
305 1621 393 1687 Tunc
407 1621 565 1687 instructo
581 1639 679 1702 grege
693 1623 860 1688 commisso
875 1622 1011 1688 accinxit
1025 1623 1075 1688 vir
1088 1641 1158 1690 sese
1170 1623 1319 1690 alacriter
1330 1623 1446 1690 studio
1459 1621 1532 1686 dila·

382 1704 473 1771 tandi
488 1704 610 1770 semina
624 1703 699 1770 fidei
713 1707 747 1772 iu
761 1724 874 1788 campo
889 1706 1000 1773 sterili.

253 1795 282 1853 0.
304 1787 364 1854 Hic
385 1807 563 1872 peragrans
580 1789 651 1854 loca
664 1791 728 1854 iam
742 1791 836 1872 plura
857 1795 889 1856 et
908 1789 1054 1872 linquens
1075 1789 1193 1874 ubique
1215 1793 1404 1857 memoriam
1431 1790 1533 1856 Ratis·

380 1891 496 1956 ponam
511 1873 699 1939 venerated
714 1873 823 1940 sedem
838 1873 982 1956 regalem
996 1873 1141 1941 Noricae.

253 1963 281 2022 9.
305 1957 442 2040 Oquam
457 1977 533 2040 gens
548 1957 723 2034 fortunata,
746 1959 804 2024 tali
825 1961 902 2024 tunc
924 1960 1093 2042 peregrino
1116 1959 1324 2024 ministrando
1339 1964 1463 2038 terrea,
1483 1954 1530 2036 qui

381 2049 413 2108 te
428 2049 576 2125 pasceret
590 2041 728 2125 spiritali
744 2043 844 2124 copia.

233 2131 281 2192 10.
303 2127 376 2210 lpse
391 2131 424 2192 te
439 2126 631 2192 confortavit
644 2123 715 2192 fuso
730 2145 843 2192 cruore
859 2143 917 2192 suo
932 2131 966 2192 et
981 2125 1107 2192 ornavit
1122 2127 1255 2206 tumulo,
1270 2144 1353 2192 nunc
1367 2123 1531 2210 amplecti-

381 2215 435 2276 tur
450 2209 631 2276 adiuvando
646 2209 768 2275 sedulo.

232 2301 281 2362 11.
303 2293 386 2361 Nam
400 2295 442 2360 ad
457 2294 575 2360 lectum
590 2293 674 2359 illius
695 2295 780 2359 caeci
799 2295 919 2361 lumine
933 2295 1019 2361 claro
1033 2294 1144 2360 videre
1167 2293 1280 2374 solent,
1302 2310 1414 2360 vocem
1429 2289 1531 2360 hauri·

382 2384 442 2444 unt
456 2377 546 2444 surdi
561 2377 724 2460 liquidam.

232 2468 281 2528 12.
303 2462 464 2614 Βιιιῗιὲιιο
480 2461 603 2612 (Ιῗιῖἰεεε
615 2466 712 2526 ovant
723 2479 865 2544 corpore,
880 2463 957 2530 salit
971 2469 1007 2529 ut
1021 2479 1135 2528 cervus
1148 2461 1293 2542 claudae,
1308 2461 1529 2528 daemoniacos

393 2565 403 2611 1
428 2563 511 2612 erm
533 2565 543 2611 1
558 2565 577 2612 a
593 2595 601 2610 .

232 2634 280 2696 13.
302 2631 388 2698 Laus
404 2649 480 2714 ergo
495 2634 646 2714 personet
667 2629 708 2696 ab
731 2647 786 2695 ore
807 2647 943 2697 consono
966 2631 1145 2714 principum
1161 2649 1198 2697 ac
1212 2629 1354 2712 plebium
1367 2647 1430 2711 pro
1445 2629 1529 2694 tanto

379 2715 555 2781 medicinae
570 2713 698 2796 gaudio,

231 2805 280 2866 14.
304 2797 479 2880 Cunctique
492 2799 615 2880 pariter
629 2815 795 2881 precemur
817 2799 990 2880 dominum,
1014 2799 1166 2882 quatinus
1187 2798 1359 2865 concedere
1380 2796 1527 2879 dignetur

380 2901 439 2950 nos
454 2884 551 2965 potiri
565 2884 675 2965 requie

233 2973 281 3035 15.
305 2965 384 3032 (lum
399 2967 600 3034 Emerammo
614 2969 679 3033 iam
694 2967 774 3033 coeli
787 2967 864 3032 sede
877 2967 992 3035 locato.

300 3091 326 3131 e.
345 3073 439 3130 Teat.
462 3076 560 3132 =Moue
577 3073 629 3133 No.
648 3077 702 3130 907
720 3076 757 3144 (3,
776 3075 840 3143 289)
859 3089 926 3130 aaa:
944 3074 997 3130 Ha.
1016 3093 1054 3131 aaa
1071 3075 1220 3144 Marcolica,
1245 3075 1312 3131 (lim.
1333 3075 1430 3129 14845.
1450 3073 1468 3127 f.
1485 3071 1524 3125 46.

227 3151 272 3204 12.
291 3145 392 3203 Jahrb.
410 3147 462 3201 mit
479 3145 606 3203 Naaman
633 3147 678 3214 Δ).
714 3145 768 3200 Ha.
788 3147 849 3201 due.
869 3147 937 3202 (llm.
958 3146 1091 3203 143221.
1111 3151 1154 3202 32.
1172 3147 1224 3200 mit
1232 3143 1368 3212 Nestorea,
1387 3150 1470 3199 caco
1478 3141 1525 3193 deu

228 3219 388 3290 &cumaeo
404 3217 537 3288 Noctem,
555 3222 599 3274 11.
617 3148 718 3275 §ebria
737 3217 790 3342 gl).
826 3216 885 3272 Die
902 3216 970 3274 Hae.
989 3219 1079 3274 buben
1105 3217 1276 3289 pcwdboliclu
1302 3215 1524 3272 Emmcrammus.

229 3321 261 3334 —
281 3291 383 3347 Daniel
400 3289 437 3360 ll,
455 3293 490 3346 23
508 3290 559 3345 bat
577 3290 622 3344 die
639 3294 665 3345 1.
684 3288 737 3344 Zea'
780 3303 833 3344 aaa
861 3289 927 3346 cod.
946 3289 1021 3345 Mon.
1040 3293 1066 3346 5.
1094 3305 1167 3346 saec
1186 3287 1233 3344 XL
1261 3288 1321 3344 aad
1344 3290 1369 3342 6.
1389 3301 1464 3344 saec.
1481 3281 1523 3338 ut

228 3363 262 3433 V,
272 3365 326 3419 300
344 3362 394 3418 but
412 3377 443 3416 ar
461 3361 514 3416 dero
529 3359 600 3416 cht
619 3377 672 3416 aaa
689 3361 782 3417 Mane.

298 3451 325 3508 b.
342 3449 526 3506 Lcaorteo.
562 3453 588 3504 4.
608 3448 670 3518 Qua
689 3489 695 3503 .
714 3489 721 3503 .
741 3454 867 3519 tempora
885 3448 917 3504 B.
937 3479 971 3491 -
990 3453 1015 3506 5.
1035 3450 1103 3505 Cum
1122 3489 1128 3502 .
1148 3488 1154 3502 .
1174 3447 1251 3504 cordi
1270 3449 1304 3504 Δ.
1330 3477 1365 3490 -
1389 3450 1416 3502 8.
1437 3448 1479 3504 Sic
1494 3442 1521 3495 B·

226 3521 425 3592 Badasponam
442 3521 474 3576 B.
493 3551 527 3562 -
548 3523 590 3576 12.
609 3519 711 3576 claudii
728 3520 763 3576 A.

299 3629 322 3667 c.
342 3609 494 3668 Bamarlc.
534 3607 622 3664 Ucbcr
640 3608 692 3665 dae
710 3606 911 3680 Rbptbma'acbe
928 3612 978 3663 etc.
997 3606 1106 3676 apricbt
1124 3606 1245 3664 Bartsch
1263 3609 1292 3665 S.
1310 3611 1353 3664 13.
1373 3604 1504 3665 123.132.

362 3917 433 3980 552.
476 3909 752 3996 sequerianus.
772 3907 938 3975 Gordiano
952 3913 981 3974 et
994 3905 1171 3990 prrmcbo
1186 3909 1393 3994 martyribus.

226 4029 414 4104 (Epimachum
432 4029 511 4086 atorb
531 4028 574 4084 ala
593 4025 740 4098 Martyres·
756 4041 794 4080 au
810 4025 993 4081 Alecandn'o
1009 4025 1049 4079 im
1066 4021 1094 4078 J.
1113 4025 1175 4079 250.
1212 4023 1342 4083 Gordian
1368 4025 1463 4082 warde
1486 4031 1517 4070 to

384 4099 458 4156 Rom
476 4101 515 4156 im
533 4099 560 4156 J.
580 4101 634 4154 302
652 4097 823 4165 cotboaptet.
862 4095 1024 4166 Verebruog
1044 4095 1138 4151 bucer
1157 4109 1202 4151 aba
1221 4099 1264 4152 12.
1285 4097 1369 4166 Mai.)

640 4205 754 4274 (Auctor
778 4205 822 4260 eat
838 4201 947 4257 Notlrer
963 4199 1117 4272 Balbulua.)

249 4335 275 4394 1.
298 4327 365 4394 Nos
381 4325 535 4392 Gordiani
550 4329 648 4406 atque
663 4323 829 4406 Epimaebi
844 4322 967 4389 nobiles
982 4323 1110 4390 laureas

246 4417 275 4478 2.
298 4409 499 4490 Excoleutes,
515 4409 715 4475 obsecremus
730 4407 868 4488 eosdem,
886 4407 1061 4475 famulatus
1076 4413 1114 4474 ut
1128 4411 1237 4474 noster
1251 4406 1295 4474 sit
1308 4406 1342 4472 in
1357 4403 1514 4488 conspectu

374 4498 598 4578 praesentatus
613 4491 751 4558 Deitatis
764 4509 858 4576 prece
871 4490 1010 4568 illorum,

246 4585 274 4644 3.
298 4577 344 4648 Ut
363 4578 449 4662 quod
469 4577 533 4644 illis
554 4573 715 4642 offerimus
733 4575 856 4656 honori,
879 4595 936 4658 per
956 4576 1085 4643 illorum
1107 4575 1295 4660 deprecatus
1315 4579 1412 4657 atque
1425 4575 1513 4640 incor-

374 4669 490 4731 ventus
505 4665 630 4730 nosmet
643 4660 813 4728 concilient
826 4659 957 4728 Christo
971 4662 1107 4729 tonanti.
