3266 5222
70 503 100 563 2.
128 493 223 563 Saluo
236 499 325 581 virgo
342 500 492 580 vimrrosa,

130 583 187 649 Dei
204 593 309 651 mator
322 586 472 666 gloriosa,

129 668 228 733 Plena
243 675 353 734 sancto
368 671 510 736 flamine:

129 752 172 818 Tc
186 753 364 832 laudamus,
380 760 417 820 ut
431 755 585 837 condigne

129 837 195 900 Nos
208 839 364 902 accendat
378 839 464 904 [leus
477 840 551 921 igne

128 919 280 988 Caritatis
295 923 448 1003 geminae.

69 1051 97 1114 3.
126 1045 212 1111 Mira
227 1047 273 1112 rei
289 1049 422 1127 dovitae,

125 1131 227 1213 Virgo
242 1131 490 1214 impraegnatur,

126 1215 213 1280 Mira
227 1217 285 1281 Dei
300 1215 427 1295 caritas,

125 1299 215 1365 Deus
230 1300 423 1366 incarnatur.

65 1430 94 1492 4.
123 1425 284 1490 Onovum
300 1427 500 1506 connubium,

121 1509 193 1574 Soli
207 1511 299 1576 nubit
313 1510 415 1586 stella

121 1593 249 1658 Nouum
264 1595 475 1676 puerperium,

121 1677 269 1742 Parturit
283 1677 399 1759 puella.

65 1807 92 1866 5.
120 1802 252 1883 Moyses
266 1821 330 1884 qna
343 1803 442 1870 iacuit

122 1885 257 1966 Scirpea
271 1887 400 1966 fiscella,

120 1969 224 2043 Haec,
238 1989 301 2052 qua
316 1971 401 2036 Deus
418 1973 520 2052 latuit,

122 2053 227 2136 Virgo
242 2057 291 2120 est
304 2056 431 2120 tenella,

67 2182 93 2242 6.
119 2179 219 2244 Auris
234 2185 267 2245 et
282 2199 371 2246 meus
385 2183 496 2263 peruia

120 2263 194 2327 Deo
209 2269 284 2330 sunt
297 2265 467 2345 ingressus,

121 2346 196 2412 Nou
212 2353 325 2429 patent
339 2351 484 2431 vestigia,

121 2429 247 2504 Quibus
260 2437 311 2498 est
325 2451 484 2514 egressus.

610 347 650 360 -
693 317 838 382 aot-

769 505 796 566 7.
817 503 907 568 Sicut
921 501 1036 568 vitrum
1053 495 1143 565 radio

817 587 900 653 Solis
914 590 1108 670 penetratur.

817 671 895 736 lude
910 679 1016 736 tamen
1032 669 1130 733 laesio

816 755 913 820 Nulla
927 755 1009 820 vitro
1025 754 1136 818 datur:

766 841 796 901 8.
815 839 877 916 Sic,
893 841 988 904 immo
1003 836 1162 912 subtilius,

814 923 917 990 Matre
933 941 994 986 nou
1014 923 1174 1002 cormpta

817 1007 903 1072 Deus
919 1007 977 1072 Dei
993 1003 1075 1071 filius

816 1090 880 1156 Sua
896 1092 1003 1173 prodit
1020 1087 1128 1171 nupta.

767 1175 795 1236 9.
816 1175 928 1242 Prodit
943 1174 1094 1256 cogitatio
1188 1249 1192 1260 v

815 1259 932 1326 Clausa
946 1259 1051 1324 cordis
1066 1253 1155 1334 vend,
1303 1341 1305 1346 Ι

815 1343 999 1424 Praegnans
1014 1341 1134 1423 absque
1152 1339 1230 1406 vitio

816 1429 904 1494 Parit
918 1428 986 1493 sino
1001 1444 1111 1508 poem.

748 1511 795 1574 10.
814 1513 883 1577 Non
900 1512 982 1596 perit
995 1511 1048 1576 lux
1064 1510 1173 1586 oculis,

815 1595 894 1660 Cum
910 1595 964 1660 lux
981 1599 1144 1675 evagatur,

814 1679 879 1744 Nec
894 1681 925 1744 in
941 1685 1012 1743 ortu
1029 1677 1167 1742 flosculis

814 1763 917 1829 Mater
936 1762 1119 1827 defloratur.

746 1843 794 1907 ll.
817 1847 964 1914 (laudens
979 1846 1051 1928 plus
1067 1861 1161 1928 quarn
1178 1841 1290 1918 lilium,

814 1932 957 1998 Vernaus
972 1929 1044 2011 plus
1059 1947 1154 2010 quam
1163 1943 1251 2004 rosa,

812 2015 914 2080 Tuum
930 2033 1010 2096 roga
1022 2013 1131 2090 filium,

812 2099 910 2182 Virgo
925 2099 1077 2180 speciosa

745 2179 792 2247 12.
812 2185 860 2251 Na
876 2185 1096 2266 postmortem
1115 2179 1228 2262 puniat

811 2268 876 2332 Nos
890 2266 1004 2332 inferni
1019 2285 1129 2348 poena,

813 2351 874 2416 Sed
890 2357 993 2416 tecum
1009 2349 1130 2415 reliciat

813 2435 1005 2515 Angelorum
1020 2453 1127 2499 coena.

137 2555 165 2593 a.
185 2537 279 2595 Text.
316 2541 399 2596 Mona
419 2541 470 2596 No.
490 2545 543 2597 370
561 2543 596 2608 (2,
616 2543 669 2610 63.)
688 2561 754 2598 aaa:
792 2541 843 2596 Ha.
863 2559 900 2597 aa
918 2541 1066 2606 Mainalion,
1092 2556 1145 2594 voa
1164 2535 1367 2603 Kaiaarslaeim,

68 2608 117 2664 No.
139 2613 184 2664 37.
203 2613 246 2664 13.
266 2609 367 2666 dalarlo.
387 2643 419 2652 -
438 2613 537 2668 Daniel
557 2613 590 2679 V,

609 2617 670 2668 261.
690 2615 740 2668 uae
758 2615 811 2667 dea
831 2613 900 2669 Text
919 2631 971 2668 aaa
991 2615 1081 2668 Mane.

137 2699 166 2751 b.
185 2697 334 2753 Bemcrlc.
371 2705 396 2754 2.
415 2702 519 2755 caritas
538 2715 607 2770 gem.
626 2701 894 2768 ‚Adrumeticum
914 2703 971 2755 arad
989 2699 1200 2762 meduanae-a,
1219 2695 1368 2748 inermem

70 2765 193 2823 Liadem
211 2771 220 2823 i
260 2771 283 2824 ia
301 2773 426 2838 geminus
443 2775 593 2842 gaaaant.“

630 2775 722 2828 Mune.
747 2805 779 2814 -
811 2777 836 2828 9.
855 2789 946 2842 poena
964 2772 1068 2838 „lueisst
1086 2772 1147 2824 later
1165 2769 1243 2823 nicht
1259 2765 1366 2833 Strosc,

71 2841 193 2894 suadem
237 2843 292 2907 ela,
310 2842 449 2913 Sclamara,
470 2845 542 2898 &aa
561 2861 589 2900 ea
608 2845 713 2900 bealctt
731 2845 791 2901 siclo
811 2845 865 2914 aas
880 2845 948 2900 Gen.
968 2847 994 2912 3,
1015 2845 1075 2898 13.“
1111 2843 1203 2897 Mona.

497 3203 572 3266 267.

70 3333 94 3391 l.
124 3327 222 3392 Matri
238 3329 463 3396 consolationis

124 3409 196 3474 Filii
212 3411 398 3479 salvationis

124 3493 244 3559 Fidelis
258 3496 439 3578 adoptionis

124 3579 241 3642 Grates
257 3579 392 3647 reddent
405 3599 476 3646 cum
491 3583 655 3662 precibus:

123 3663 247 3743 Lingua
263 3667 360 3730 menti
376 3683 491 3746 gerens
505 3683 622 3732 morem

123 3745 235 3809 Cordis
250 3749 408 3829 exprimat
425 3748 591 3830 fervorem,

122 3825 228 3893 Unum
244 3838 393 3898 resonent
408 3838 550 3898 tenorem

122 3912 206 3977 Vota
219 3931 289 3978 cunr
305 3917 391 3982 vocis
407 3915 562 3982 laudibus.

64 4083 90 4146 2.
120 4077 169 4144 Ab
184 4083 315 4146 aeterno
334 4081 490 4162 ordinata,

120 4161 157 4227 In
172 4163 283 4245 figuris
297 4167 510 4248 praesignata,

119 4247 156 4311 In
171 4247 338 4331 scripturis
357 4251 548 4332 prophetata

118 4329 291 4396 Praeiudio
306 4335 364 4400 sub
380 4335 530 4417 mystico:

119 4414 225 4496 Digna
238 4415 298 4481 Dei
313 4425 416 4484 mater
430 4438 510 4500 esse,

118 4498 218 4579 Virga
233 4499 272 4565 de
287 4502 393 4567 radice
407 4503 507 4580 Iesse,

117 4582 192 4647 Flos
206 4583 286 4648 coeli
301 4585 341 4649 de
357 4593 462 4652 terrae
476 4607 579 4654 messe

118 4665 202 4732 Rore
215 4671 373 4750 processit
386 4671 513 4738 coelico.

611 3197 663 3265 Dc
683 3205 792 3266 sancto
813 3197 936 3264 Macrin.

741 3342 769 3402 3.
797 3333 893 3398 Plena
909 3333 1001 3398 bonis
1015 3331 1105 3412 virgo
1119 3333 1222 3410 grata,

797 3417 893 3482 Dives
908 3417 998 3481 donis
1013 3434 1050 3479 ac
1064 3416 1191 3490 donata,

795 3501 885 3566 Votis
901 3501 959 3564 Dei
975 3500 1169 3579 desponsata

796 3584 856 3649 Per
870 3583 1050 3649 Gabrielem
1066 3581 1225 3647 nuntium:

796 3667 906 3733 Fidem
922 3667 1011 3733 dedit
1025 3671 1058 3732 et
1072 3664 1189 3738 obedit,

795 3753 901 3818 Verbo
916 3751 1026 3829 credit¹
1042 3749 1171 3815 verbum
1187 3745 1263 3824 edit,

795 3836 935 3902 Mentem
950 3841 1092 3900 ventrem
1109 3833 1205 3897 ver'bo
1221 3829 1305 3894 cedit

792 3919 892 3986 Grato
907 3925 1033 4000 gratum
1048 3915 1230 4000 hospitium.

737 4091 765 4151 4.
792 4087 931 4152 Mundus
946 4093 1063 4170 stupet,
1079 4087 1156 4151 haec
1170 4081 1284 4166 puella,

791 4171 870 4236 Tam
884 4171 999 4253 pusilla
1013 4170 1099 4252 quod
1114 4168 1248 4247 novella,

791 4253 896 4320 Mellis
911 4255 1006 4334 stilla,
1022 4255 1120 4320 uraris
1135 4251 1239 4332 stella,

791 4339 833 4404 Se
847 4340 1060 4404 coutinentem
1076 4339 1232 4404 continet:

791 4421 912 4489 Cuncta
927 4442 996 4488 cum
1011 4429 1103 4506 patre
1118 4429 1312 4503 causantem,

789 4507 904 4572 Matris
918 4507 951 4572 iu
966 4510 1038 4574 sinu
1053 4513 1238 4590 pausantem

790 4589 882 4655 Hunc
896 4591 1058 4670 infantem,
1073 4591 1130 4657 sed
1145 4591 1317 4674 gigantem,

789 4672 849 4752 Qui
865 4693 961 4742 mauu
976 4677 1081 4742 coelos
1096 4677 1243 4744 sustinet.
