3186 5254
654 414 885 478 ...457-

143 601 174 663 9.
192 593 305 662 Scluat
319 593 446 662 turbam
461 595 649 676 animarum,
866 594 1287 676 Decumbitsenerlectulo,

194 679 280 746 Vota
293 678 414 746 donans
428 677 619 762 hostiarum,
867 677 955 744 Solvi
970 679 1057 762 cupit
1073 677 1242 758 avincula,

194 762 544 830 Celebransderotius:
867 762 1007 828 Cernens
1022 761 1082 828 Dei
1097 762 1207 828 filium.

193 847 287 914 Hunc
300 845 403 914 Belial
418 845 625 914 saeuissimus
799 847 846 910 13.
865 846 966 929 Euge,
982 847 1096 928 inquit,
1113 863 1205 912 serre
1220 845 1311 926 bone,

130 983 133 988 .
195 929 241 998 Ut
254 930 356 997 hostis
370 930 619 1012 malignissimus
866 929 929 1008 Qui
943 930 1073 997 certasti
1087 931 1120 996 in
1136 948 1248 1012 agone,

193 1014 365 1081 Perturbat
378 1012 585 1096 frequentius.
866 1015 1005 1095 Dignum
1019 1032 1108 1080 sume
1123 1014 1285 1080 bravium:

125 1103 176 1168 10.
193 1099 277 1164 Dum
292 1099 468 1180 castigatur
481 1099 625 1178 verbere,
672 1141 684 1170 .
865 1098 968 1164 Adest
983 1098 1061 1164 coeli
1076 1097 1262 1180 imperatrix

193 1183 244 1248 De
258 1182 354 1248 humo
369 1182 480 1264 nequit
495 1197 627 1263 surgere
865 1183 908 1248 Et
921 1185 1117 1248 moestorum
1132 1181 1326 1249 consolatrix

195 1266 314 1332 Christi
329 1267 419 1349 pugil
433 1265 586 1332 invictus:
865 1265 990 1332 Fratris
1005 1265 1047 1330 ad
1064 1265 1223 1331 solatimn.

194 1351 469 1433 Resurgitmcnte
485 1348 609 1428 fortior,
798 1350 846 1412 14.
865 1348 918 1415 Sic
932 1353 1043 1414 sancta
1057 1349 1138 1432 petit
1152 1350 1259 1414 anima

194 1433 258 1500 Sed
271 1433 375 1500 hostis
389 1432 427 1498 iit
441 1433 578 1500 debilior
865 1433 984 1500 Parata
998 1433 1059 1500 sibi
1073 1433 1193 1515 gaudia

194 1519 257 1584 Per
271 1518 376 1584 sancti
389 1517 491 1584 fortes
504 1517 596 1583 ictus.
866 1517 946 1583 Cum
961 1522 1054 1584 coetu
1069 1519 1272 1598 angelorum:

127 1603 177 1668 11.
195 1602 288 1668 Vires
303 1602 379 1668 dum
394 1601 511 1668 desunt
525 1619 562 1669 co
602 1599 678 1681 oris,
866 1600 970 1680 Quam
984 1601 1148 1668 iubilandn
1163 1603 1298 1684 suscipit

197 1686 324 1768 sprevit
338 1701 567 1752 suasumame
589 1685 647 1751 icis
865 1685 910 1751 Et
924 1685 1104 1768 gaudenter
1118 1685 1249 1768 respicit

195 1769 541 1837 Eideiisinomnibus:
867 1768 1005 1834 Caterva
1019 1769 1249 1836 confessorum.

195 1853 295 1931 Quam
312 1858 405 1921 sanat
419 1852 626 1919 medicamine
799 1849 847 1917 15.
866 1853 937 1932 Eia,
952 1851 1078 1931 iratres,
1095 1852 1265 1919 iubilemus

195 1938 310 2017 Maria,
323 1942 428 2003 mater
442 1937 576 2019 gratiae,
865 1936 910 2002 Et
923 1935 1036 2003 festive
1051 1937 1249 2003 celebremus

195 2021 331 2088 Pietatis
346 2021 484 2087 demina.
863 2021 987 2086 Nicolai
1002 2021 1173 2088 solemnia:

128 2103 178 2170 12.
195 2104 299 2172 Stella
313 2109 448 2171 mortem
463 2103 702 2182 demonstrarit¹
869 2102 915 2170 Ut
928 2123 1023 2188 prece
1037 2105 1125 2172 iuvet
1138 2103 1286 2184 humiles,

197 2189 297 2257 Stella
312 2189 440 2271 fulgens
456 2189 532 2254 dum
546 2187 679 2254 intrauit
867 2189 1251 2272 Inhacvellepuuperes

197 2273 293 2340 Ohnri
308 2273 516 2340 domicilium:
868 2272 1101 2356 Depromcntes
1117 2273 1267 2338 carmina.

198 2383 292 2439 Tenet.
329 2381 430 2438 Daniel
448 2381 481 2450 V,
502 2382 553 2436 1118
570 2381 622 2436 aar
640 2381 693 2435 dm
710 2377 829 2450 Ansanp
848 2397 900 2438 aaa
919 2381 984 2439 Ocri.
1004 2382 1113 2440 8.(1111.
1132 2382 1185 2437 Nc.
1196 2382 1248 2436 1146
1268 2380 1424 2450 (Brander).

127 2453 222 2524 „Eine
239 2453 362 2522 cepaea
379 2453 413 2506 in
430 2451 570 2508 Brandcrs
587 2451 760 2522 Sammianp,
788 2452 833 2508 dic
860 2453 927 2507 uber
953 2469 1009 2509 nur
1033 2455 1094 2509 cine
1111 2453 1280 2523 ceraptairte
1299 2451 1426 2522 Lepet-dc

127 2526 240 2594 1111111111,
259 2527 298 2579 iat
316 2540 349 2579 so
366 2523 483 2594 repellas
500 2524 561 2579 111111
571 2523 738 2593 satlcrhust,
757 2524 824 2578 desa
842 2525 884 2579 eie
901 2525 963 2580 hier
979 2525 1150 2581 teineritatis
1164 2525 1316 2578 verdientf‘
1336 2523 1425 2578 Murci

126 2597 155 2654 8.
174 2601 236 2655 297.
272 2595 331 2651 Dia
347 2595 498 2664 Abcchn'st
516 2595 566 2651 der
584 2594 783 2651 castanetum
800 2594 927 2665 Sequana
944 2595 1084 2653 cerdaniae
1101 2596 1147 2654 icit
1165 2595 1203 2649 Η.
1222 2595 1320 2652 Metal.

680 2763 878 2771 ————-

588 2877 658 2938 617.
701 2871 754 2939 De
774 2894 800 2941 a.
824 2873 970 2940 Notiora.

129 2985 209 3056 (aab.
228 3001 265 3044 au
282 2983 452 3059 Hattpeaaa
469 2987 508 3043 im
527 2985 671 3114 171111ραῖ,
683 2994 758 3115 tpect.
777 2993 802 3115 g.
820 2990 1035 3130 11111ζέ)9121111
1053 2989 1171 3046 Kioater
1189 2991 1218 3048 S.
1239 2990 1349 3059 Gallae,
1368 3007 1426 3046 aar·

633 3075 682 3114 er
714 3076 760 3116 am
796 3101 803 3114 .
846 3076 915 3130 prr.

513 3165 627 3236 [Auctor
645 3169 689 3223 est
706 3163 872 3222 Franciscus
890 3165 1046 3238 Gaisberg.)

151 3291 179 3351 1.
201 3283 311 3353 Sancti
325 3286 459 3370 spiritus
472 3285 552 3352 assit
566 3285 659 3352 nobis
674 3286 788 3366 gratia,

149 3374 178 3436 2.
201 3369 290 3452 Quae
306 3373 434 3437 sanctos
450 3387 524 3436 suos
541 3387 666 3452 semper
678 3367 756 3436 facit
768 3387 839 3436 esse
854 3386 930 3435 cons
952 3370 1048 3439 icucs.

149 3459 178 3522 3.
201 3453 229 3519 Ε
244 3455 360 3538 quibus
374 3454 427 3519 hic
441 3453 567 3520 diuinus
582 3457 690 3520 exstat
702 3453 864 3521 thkerus
878 3391 1043 3537 Bastulus,

147 3542 178 3606 4.
200 3537 320 3604 Ductor
333 3537 528 3619 praeclarus,
543 3540 645 3622 stirpe
659 3538 749 3620 regia
763 3541 870 3606 uatus.

150 3624 178 3684 5.
200 3619 249 3686 De
263 3639 353 3688 sacre
369 3639 452 3704 pago
466 3621 593 3704 genitus
608 3627 658 3688 est
671 3622 722 3688 hic
736 3639 835 3689 sacer.

150 3707 179 3773 6.
200 3705 239 3770 In
254 3705 320 3771 divi
334 3705 486 3773 coenobio
502 3704 585 3772 Galli
600 3707 702 3789 primo
717 3704 796 3772 flore
811 3706 962 3790 pollebat,

150 3792 179 3854 7.
201 3786 303 3866 Quem
318 3787 502 3856 Grimaldus
518 3791 619 3856 abbas
634 3793 782 3874 suscepit,
799 3809 892 3858 suum
907 3791 1096 3858 monachum
1111 3791 1197 3858 iecit.

149 3875 179 3938 8.
202 3871 301 3938 Ysoni
314 3872 469 3955 magistra
483 3873 712 3940 commendans·
722 3874 819 3941 libros
835 3875 958 3943 divinos
973 3875 1157 3944 docendum.

149 3961 179 4024 9.
201 3954 263 4034 Qui
278 3956 390 4024 doctus
405 3956 439 4022 in
453 3957 542 4023 brevi
555 3958 673 4039 taliter,
688 3963 725 4024 ut
740 3959 925 4042 sequentias
939 3958 1069 4041 iaceret,

131 4045 178 4106 10.
201 4039 287 4118 Quas
301 4041 445 4123 singulas
459 4058 544 4124 papa
558 4041 709 4108 Nicolaus
725 4043 925 4110 canonizavit

131 4129 179 4189 11.
201 4125 245 4191 Et
258 4123 431 4206 mandavit,
447 4143 503 4207 per
517 4125 626 4190 mundi
639 4125 767 4193 climata
777 4145 848 4193 esse
860 4126 1028 4195 canendas.

131 4211 178 4274 12.
201 4208 263 4274 Hic
274 4213 404 4276 sanctm
416 4226 586 4290 aggressus
597 4213 648 4275 est
659 4209 821 4277 diabolum
832 4212 865 4276 in
877 4216 987 4296 crypta
1000 4210 1188 4279 columbani
1203 4212 1305 4295 patris
1316 4213 1428 4294 nostri,

132 4295 178 4360 13.
202 4291 389 4360 cambotam
405 4292 556 4374 eiusdem,
571 4310 668 4375 quam
683 4293 717 4359 in
731 4293 879 4376 ecfregit

131 4380 178 4441 14.
200 4375 295 4444 Teste
311 4377 451 4444 creditus
466 4377 521 4460 qui
535 4377 669 4442 notavit.

131 4463 177 4526 15.
199 4459 268 4527 Rex
283 4462 370 4541 coeii,
386 4467 492 4528 terrae
508 4478 656 4527 succurre
670 4459 764 4527 nobis
778 4480 836 4544 per
849 4463 986 4530 uirtutes
1000 4463 1134 4531 thkeri
1151 4464 1270 4546 dilecti,

131 4547 178 4610 16.
200 4542 247 4611 Ut
261 4562 414 4629 superare
428 4546 592 4612 valeamus
605 4546 768 4612 inimicum
783 4547 816 4612 in
830 4552 960 4616 nostrae
975 4550 1086 4617 mortis
1101 4556 1253 4631 tempore.

199 4649 292 4708 Tect.
329 4653 432 4710 Daniel
449 4653 483 4725 V,
504 4657 553 4709 171
573 4652 721 4710 11011118.
741 4653 812 4710 Gali.
839 4655 892 4710 No.
911 4659 964 4712 546
991 4657 1137 4729 (Brandar)
1164 4657 1251 4712 11113
1273 4655 1364 4724 Versa,
1383 4655 1429 4712 die

130 4723 238 4782 maara
255 4725 307 4784 11111
325 4724 365 4782 H.
383 4724 474 4783 Morel
491 4727 548 4783 mir
564 4727 597 4782 iu
614 4725 765 4795 Abcctrist
780 4726 929 4798 paactictt.
