3234 5246
713 281 755 297 -
796 251 858 314 432
900 281 943 298 ·-

552 433 622 498 633.
665 429 717 496 Dc
737 449 762 494 s.
784 427 972 494 Leonloordo
994 427 1111 495 abbate.

183 542 272 610 (Solen
291 543 365 598 eiiam
377 544 563 613 frdakiscben
583 545 764 615 Eclelmurma
791 547 878 601 stand
906 563 952 601 cm
977 546 1055 616 Hosc
1080 546 1236 618 Chlodwipe
1255 547 1276 601 1.
1303 549 1336 602 in
1357 563 1505 618 praeseus

184 615 322 680 duschan,
341 617 420 670 scarb
441 617 483 670 nlo
502 617 558 672 Aba
577 617 624 672 dee
643 617 774 673 Kloetcrs
786 617 902 672 Neblcln
921 635 966 672 am
985 623 1009 672 6.
1020 617 1092 672 Noc.
1103 623 1164 685 559,
1182 620 1292 674 cerebri
1301 635 1348 674 aar
1359 624 1387 674 6.
1397 617 1503 686 Noc.)

186 745 213 804 1.
239 736 434 802 Veneremur
857 743 886 803 4.
914 737 959 804 Ut
973 739 1066 804 miles
1081 739 1229 820 egregius

239 821 308 885 Hae
324 821 375 884 die
392 819 523 885 solemni
911 823 947 888 Iu
963 822 1026 889 fide
1040 841 1102 886 nen
1117 822 1233 889 dubius

240 903 392 968 Sanctum
408 904 636 971 Leonberdum.
912 905 1125 972 Praedicavit:

239 987 452 1066 Postulautes,
468 1005 526 1069 pro
542 991 634 1056 nobis
912 989 1042 1055 Cinctus
1058 989 1155 1054 armis
1171 987 1244 1054 fidei

241 1069 285 1133 l't
300 1071 483 1154 interpellat
912 1073 1058 1138 Viriliter
1073 1091 1151 1139 arva
1164 1071 1224 1139 Dei

239 1153 358 1234 Regem
374 1175 493 1237 regum.
911 1157 1094 1224 seminavit.

855 1242 884 1302 5.
910 1241 1017 1308 Mores
1031 1241 1153 1306 habens
1169 1239 1313 1320 humiles,

185 1329 213 1390 2.
241 1323 337 1388 Ortus
353 1341 391 1387 ex
407 1325 592 1406 parentibus
911 1326 1051 1392 visitare
1066 1325 1199 1403 debiles

239 1407 356 1472 Extitit
371 1407 530 1474 nobilibus
909 1409 1063 1476 Revisere
1078 1425 1222 1474 carceres

240 1492 297 1555 Vir
313 1493 511 1573 praeclarus:
910 1495 1079 1574 Nunquam
1095 1493 1223 1558 tardus:

240 1575 391 1639 Sanctum
407 1593 542 1656 septiens
557 1576 734 1657 Remigium
910 1579 1021 1643 Coecis
1036 1577 1139 1642 visum
1155 1574 1304 1654 reddidit,

240 1658 349 1722 Mundi
365 1661 485 1740 spreuit
499 1659 673 1742 fastigium,
910 1661 1010 1727 Mutis
1025 1679 1134 1727 vocem
1149 1659 1272 1738 tribuit,

241 1741 367 1806 Cbristo
383 1743 509 1808 charus.
909 1744 1195 1812 Carceratoseruit

910 1828 1127 1894 Leoubardus.

184 1916 212 1976 3.
240 1908 300 1984 Qui
316 1909 482 1974 contemsit
499 1911 574 1975 vilia
606 1943 620 1952 -
854 1907 882 1968 6·
909 1912 1097 1980 Couiractor
1115 1927 1286 1991 carcerum,

236 1993 340 2056 liuius
358 1993 440 2056 ritae
456 1995 574 2074 gaudia
910 1998 972 2062 Pro
988 1995 1078 2060 nobis
1094 1995 1256 2060 domiuum
1493 2067 1499 2080 ,

238 2077 279 2140 lit
295 2077 463 2142 bonorem:
910 2079 1057 2160 Digueris
1072 2097 1164 2142 orare
1180 2095 1373 2160 supremum.

237 2160 348 2224 Mundi
364 2159 479 2224 lamam
497 2163 609 2240 uoluit,
909 2163 954 2228 Te
966 2168 1112 2228 sanctum
1124 2163 1279 2242 novimus

237 2243 282 2306 Ut
297 2261 488 2323 quaeramus
504 2247 627 2310 monuit
908 2245 957 2310 Tu
972 2247 1074 2324 nobie,
1088 2248 1239 2326 petimus

237 2327 412 2391 Meliorem.
908 2330 1006 2396 Posce
1021 2332 1144 2394 veniam
1160 2329 1389 2412 peccaminum.

250 2433 343 2489 Teat.
380 2435 469 2490 Morel
488 2437 540 2491 No.
559 2440 620 2491 471.
639 2435 668 2490 S.
686 2439 739 2488 266
758 2453 825 2490 aas:
852 2437 905 2492 Ha
934 2455 971 2493 aa
1000 2437 1041 2492 Sl.
1061 2437 1161 2492 cauea
1187 2439 1240 2496 No.
1260 2440 1313 2494 546
1332 2437 1488 2510 (Brander)

180 2504 227 2560 Bl.
246 2509 308 2561 202.
344 2505 403 2562 Dic
420 2508 501 2562 letata
518 2507 639 2577 Stroplrc
656 2508 763 2562 acbeint
781 2513 910 2578 apatercr
927 2509 1043 2564 Zancle.
1079 2509 1179 2565 Morel.

734 2673 927 2682 -—-.----

623 2795 693 2856 534.
735 2789 788 2855 Dc
808 2810 833 2854 s.
857 2787 1053 2856 Iemebmdo.

181 2925 219 2988 lu
234 2925 328 2988 lande
344 2923 462 2990 Christi
479 2925 644 3006 congaude
658 2931 787 2992 caterva
801 2925 976 2992 christiana
991 2927 1023 2990 in
1038 2923 1218 2990 [leonhardi
1233 2923 1316 2990 festo
1332 2928 1390 2990 etc.

255 3031 348 3085 l’cat.
385 3031 489 3086 Dicaea
508 3033 625 3103 Anfaup
643 3033 692 3088 bat
711 3034 813 3089 Daniel
832 3034 865 3104 V,
886 3038 936 3088 117
956 3048 971 3087 e
990 3033 1055 3090 Cod.
1066 3035 1092 3088 S.
1104 3033 1175 3090 Gall.
1190 3033 1242 3089 No.
1253 3036 1307 3088 546
1325 3031 1481 3100 (Brandcr).

726 3179 928 3192 —

624 3293 694 3356 635.
737 3289 790 3356 De
810 3311 836 3357 s.
860 3291 1036 3357 Lcooordo.

188 3431 213 3488 l.
238 3424 275 3487 Iu
291 3424 437 3504 supernis
452 3422 630 3488 resonando
908 3425 1006 3490 Aetas
1021 3424 1081 3488 hoc
1097 3441 1159 3488 uon
1175 3420 1272 3486 habet
1286 3438 1404 3502 parem,

237 3507 409 3572 iubilemus
424 3507 535 3572 laudes
551 3507 656 3572 dando
908 3509 1030 3583 Quibus
1046 3508 1135 3572 illum
1152 3522 1369 3586 compararem

236 3592 315 3670 Regi
334 3591 434 3656 curicis
450 3592 587 3671 gloriae:
908 3593 998 3657 Miris
1013 3591 1044 3655 in
1060 3589 1230 3655 miraculis.

237 3673 297 3750 Qui
314 3676 443 3740 beatum
458 3675 670 3756 hemardum,
852 3683 881 3741 4.
907 3675 988 3740 Nam
1004 3676 1134 3755 reginae
1149 3672 1307 3738 laboranti

236 3757 410 3825 Libertatis
425 3759 528 3824 almae
543 3759 677 3823 nardum
906 3759 950 3824 Et
963 3759 996 3823 in
1011 3765 1108 3838 partu
1123 3755 1309 3837 desperanti

235 3841 278 3907 Et
291 3841 401 3907 florem
417 3843 580 3907 ecclesiae.
907 3839 1051 3908 Contulit
1066 3841 1234 3907 auxilium:

179 3931 208 3990 2.
234 3925 412 3992 Sanctitate
428 3925 598 4002 decoravit,
906 3927 1077 3991 invocatus
1092 3924 1261 3990 vinculatis

235 4008 334 4084 Quem
351 4010 475 4075 beando
490 4007 699 4092 proclamavit
906 4009 950 4075 Et
964 4015 1122 4074 tormento
1138 4005 1302 4089 deputatis

235 4093 273 4156 ln
289 4099 445 4158 terrarum
461 4093 576 4159 fiuibns
907 4092 1039 4159 Confert
1053 4091 1289 4157 adminiculum.

234 4175 294 4240 Per
310 4177 473 4258 signorum
488 4179 678 4256 ubertatem,
852 4181 879 4240 5.
907 4177 967 4241 Hic
982 4177 1089 4257 regale
1103 4191 1257 4257 spernens
1272 4173 1358 4237 latus

236 4259 324 4336 Quae
339 4262 380 4325 ob
396 4262 464 4324 eius
480 4263 682 4326 sanctitatem
907 4261 950 4325 Et
964 4262 1094 4342 pinnam
1111 4256 1315 4341 pontificatus

235 4343 420 4424 Fulgentiu
435 4345 626 4408 bominibus.
906 4343 1176 4426 Exiitapropriis

181 4432 209 4492 3.
235 4427 315 4492 Eius
330 4445 423 4510 prece
438 4427 507 4492 lons
524 4429 674 4506 manavit,
718 4465 722 4473 ·
905 4429 1025 4492 Arvnm
1040 4433 1150 4509 petens
1170 4425 1376 4506 aquitanum,

234 4511 335 4588 Quem
349 4519 465 4578 natura
484 4511 662 4592 denegavit,
904 4511 953 4576 lbi
968 4511 1085 4592 degens
1101 4531 1163 4576 non
1178 4511 1211 4574 iu
1226 4525 1341 4575 vanum

234 4597 324 4664 Dans
339 4601 450 4679 potum
464 4595 640 4678 indigenis:
905 4596 1048 4661 Inmunis
1064 4593 1195 4660 avitiis.
