3240 5224
737 357 968 422 -277-

532 539 603 604 385.
648 535 690 602 Io
711 537 910 604 conversione
930 539 1035 606 eoacti
1056 537 1166 608 Pauli.

594 653 709 724 (Auctor
729 660 772 710 est
790 655 890 712 Petrus
908 655 1103 726 Abaelardns.)

197 777 226 837 1.
251 769 342 836 Tubu
357 769 485 848 domini,
501 771 610 852 Paule,
626 775 774 856 maxima,
870 781 899 842 4.
927 774 973 841 Ut
987 775 1170 844 rhinoceros
1186 785 1236 844 est
1249 778 1433 862 indomitus,

250 854 299 920 Dc
314 853 504 921 coelestibus
520 855 598 922 dans
613 859 766 938 tonitrua,
925 858 1027 938 Quem
1049 861 1091 927 ad
1113 867 1255 930 aratrum
1270 864 1375 946 ligans
1390 865 1499 934 Domi·

251 937 370 1005 Hostes
386 939 552 1023 dissipans,
572 941 657 1008 cives
672 961 822 1027 aggrega.
970 963 1039 1024 nus,

195 1067 225 1130 2.
250 1062 372 1131 Doctor
386 1065 528 1148 gentium
543 1085 577 1132 es
593 1069 794 1152 praecipuus,
870 1114 899 1176 5·
925 1025 1194 1196 gffffievgssliinuss
1204 1027 1325 1180 iffi&
1335 1034 1499 1198 ffissffllg?

250 1147 821 1316 ittdtdtttddtttttdtu*
923 1193 1497 1364 ssgppppppgpffigpggpppptm

194 1359 223 1424 3.
250 1355 345 1422 Mane
356 1357 522 1424 Beniamin
537 1360 689 1440 praedam
704 1361 821 1444 rapuit,
869 1365 898 1426 6.
923 1362 1044 1444 Psrpes
1059 1363 1162 1446 gloria
1176 1367 1244 1448 regi
1263 1371 1397 1452 perpeti,

248 1439 350 1506 Escas
364 1459 496 1524 vespere
512 1444 620 1526 100303
637 1445 759 1524 dividit,
924 1445 1130 1514 Exercitnnm
1146 1448 1272 1516 Christo
1288 1453 1431 1536 principi,

248 1521 342 1591 Vitae
356 1524 486 1594 ferculis
500 1529 653 1594 mundum
667 1529 778 1594 reficit.
924 1530 1014 1596 Patri
1028 1533 1151 1614 pariter
1165 1540 1198 1599 et
1213 1534 1355 1616 Spiritui.

190 1637 193 1642 “
264 1648 289 1689 c.
309 1633 405 1690 Text.
441 1635 530 1692 Nsale
548 1652 575 1706 p.
594 1639 636 1692 98.
657 1667 691 1678 -
709 1638 811 1694 Daniel
829 1638 863 1708 V,
882 1641 944 1694 234.
962 1639 1013 1694 tat
1032 1641 1085 1695 den
1102 1641 1174 1696 cht
1193 1658 1247 1698 ons
1265 1643 1361 1700 Nesla.

264 1721 290 1777 b.
309 1719 463 1778 chcrlr.
501 1723 607 1790 „Dicae
633 1724 758 1794 80300003
785 1726 836 1782 hot
862 1727 923 1781 ciac
949 1727 1179 1798 cipcnthtmtictc
1200 1729 1425 1800 Stroptcnform,
1453 1749 1497 1789 ooo

187 1791 270 1862 jeder
292 1791 370 1864 Vera,
390 1811 442 1850 aus
461 1795 530 1850 coto
549 1793 643 1850 Silbco
660 1796 814 1864 3031030001,
841 1798 872 1851 io
891 1798 941 1852 dcr
959 1797 1046 1854 Mitto
1063 1801 1124 1854 rinc
1141 1802 1299 1856 mannliche
1318 1805 1408 1860 cosor
1431 1804 1498 1860 loct:

187 1862 219 1991 {c
237 1863 300 1991 {Za
317 1866 426 1923 solciocr
445 1865 528 1923 Verso
546 1867 638 1923 titdcn
658 1869 718 1924 cino
735 1866 938 1939 Horouropse,
958 1869 1042 1926 dcrcn
1058 1871 1099 1926 im
1118 1869 1235 1928 Gracco
1252 1875 1360 1931 eccos.“
1377 1875 1498 1933 Bartsch

525 2288 595 2352 386.
638 2283 682 2350 Io
709 2285 906 2352 coooersr'ooc
934 2285 1039 2352 sancti
1066 2285 1175 2354 Pauli.

577 2401 694 2470 (Auctor
712 2408 757 2458 est
773 2401 864 2458 Adam
883 2399 917 2457 de
936 2401 962 2457 S.
981 2401 1114 2474 Victore.)

197 2524 225 2585 l.
251 2516 363 2598 Corde,
378 2535 465 2597 voce,
481 2517 575 2601 pulsa
590 2520 704 2602 coelos,
925 2519 1111 2604 synagogas
1126 2521 1249 2601 circuit,

250 2601 456 2684 Triumphale
471 2620 575 2684 pange
590 2603 697 2684 melos,
925 2605 1043 2671 Christi
1057 2605 1151 2672 fidem
1166 2607 1283 2672 astruit

250 2685 402 2753 Gentium
417 2687 567 2752 ecclesia!
924 2688 987 2754 Pro
1011 2691 1157 2756 hetorum
1172 2693 1264 2756 serie.

250 2771 379 2846 Paulus,
395 2771 505 2836 doctor
519 2772 673 2853 gentium,
869 2770 898 2832 6.
924 2710 1064 2840 Verium
1078 2776 1181 2842 crucis
1197 2779 1408 2858 protestetur,

252 2855 492 2920 Consummavit
506 2853 653 2938 stadium,
924 2857 1146 2924 Gausacrucis
1162 2861 1331 2942 cruciatur,

249 2937 462 3022 Triumphans
476 2939 509 3004 in
524 2939 636 3020 gloria.
925 2941 1014 3007 Mille
1030 2942 1133 3009 modis
1148 2943 1296 3009 moritur:

194 3025 223 3086 2.
248 3021 309 3089 Hic
324 3023 489 3088 Beniamin
504 3023 700 3104 adolescens,
924 3025 986 3092 Sed
1002 3033 1125 3107 perstat
1140 3028 1232 3094 vivan
1246 3025 1362 3110 hostia,

248 3105 357 3190 Lupus
371 3125 480 3189 rapax,
496 3107 616 3188 praeda
630 3127 771 3192 vescens,
923 3107 966 3173 Et
979 3108 1098 3174 invicta
1116 3113 1297 3176 constantia

247 3191 357 3257 Hostis
373 3198 424 3256 est
437 3190 594 3260 fidelium:
924 3191 1035 3258 Omnis
1050 3209 1152 3276 poena
1169 3195 1314 3260 vincitur.

248 3275 342 3340 Mane
356 3277 461 3356 lupus,
476 3275 532 3339 sed
547 3275 616 3340 ovis
630 3293 773 3358 vespere,
869 3269 897 3330 ⁷·
924 3274 1121 3358 Segregatns
1136 3278 1229 3345 docet
1244 3283 1365 3360 gentes,

248 3358 325 3425 Post
339 3359 489 3424 tenebras
504 3358 629 3424 lucente
644 3358 749 3426 sidere
922 3358 1034 3426 Mundi
1050 3361 1325 3444 vincitaapientes

248 3443 350 3509 Docet
364 3441 574 3524 evangelium.
923 3443 983 3509 Dei
998 3445 1170 3527 sapientia:

194 3523 223 3586 3.
249 3525 310 3592 Hic
325 3527 438 3592 mortis
454 3527 537 3592 viam
554 3526 679 3608 arripit,
922 3528 1047 3610 Raptus
1061 3528 1095 3592 in
1109 3529 1231 3594 coelum
1245 3527 1379 3594 tertium

249 3609 349 3688 Quem
365 3613 451 3676 vitae
466 3611 518 3675 via
532 3611 673 3692 corripit
923 3611 1019 3678 Videt
1035 3611 1163 3678 Patrem
1177 3618 1210 3677 et
1225 3611 1341 3677 Filium

248 3695 333 3760 Dum
348 3695 541 3760 Damascum
556 3693 719 3776 graditur:
922 3695 960 3762 In
976 3696 1246 3764 unasubstantia.

250 3778 359 3862 Spirat
373 3779 484 3855 minas,
499 3779 557 3843 sed
571 3779 634 3843 iam
650 3778 744 3861 cedit,
867 3771 897 3834 8·
922 3780 1025 3846 Roma
1040 3785 1153 3862 potens
1167 3786 1200 3846 et
1215 3781 1309 3846 docta
1324 3777 1459 3844 Graecia

248 3862 311 3930 Sed
326 3871 508 3946 prostratus
523 3863 586 3928 iam
603 3861 723 3944 obedit,
922 3863 1062 3929 Praebet
1076 3866 1168 3940 colla,
1184 3863 1279 3929 discit
1293 3863 1456 3946 mysteria,

249 3945 313 4013 Sed
327 3949 389 4013 iam
406 3947 531 4012 vinctus
546 3945 682 4012 ducitur.
922 3947 1019 4013 Fides
1033 3947 1152 4014 Christi
1166 3945 1310 4028 proficit:

193 4025 222 4090 4.
248 4031 298 4097 Ad
314 4032 470 4098 Ananiam
485 4031 633 4109 mittitur,
923 4030 1008 4097 Crux
1023 4032 1210 4114 triumphat,
1226 4030 1437 4112 recensuerit,

247 4115 358 4196 Lupus
372 4115 413 4180 ad
428 4133 518 4180 ovem
534 4113 683 4192 trahitur,
922 4113 992 4192 Quo
1006 4114 1140 4181 docente
1154 4113 1234 4181 fides
1250 4113 1359 4196 crevit,

248 4199 339 4266 Mens
353 4199 474 4266 resedit
488 4196 599 4263 effera:
921 4198 1056 4264 Paulum
1072 4217 1149 4266 0030
1163 4199 1298 4264 coniicit.

247 4282 358 4350 Fontis
374 4283 460 4350 subit
476 4285 720 4363 sacramentnm,
867 4271 896 4335 9·
922 4282 975 4349 Sic
988 4288 1103 4350 exutus
1118 4285 1224 4350 carnis
1238 4281 1354 4348 molem

247 4367 355 4434 Mutat
368 4369 456 4434 virus
470 4369 503 4432 in
518 4366 716 4448 pigmentum
922 4365 1041 4433 Paulus
1056 4368 1145 4434 videt
1158 4385 1269 4436 uerum
1285 4365 1400 4446 Solem,

250 4449 347 4517 Unda
360 4449 537 4517 salutifera.
920 4451 1026 4517 Patris
1041 4449 1266 4533 Unigenitum:

193 4539 222 4601 5.
249 4535 315 4603 Vas
329 4541 498 4612 sacratum,
513 4552 571 4600 vas
586 4534 737 4614 divinum,
921 4534 1043 4600 Lumen
1056 4537 1145 4602 videt
1158 4539 1192 4602 in
1206 4536 1334 4615 lumine,

248 4621 324 4696 Vas,
341 4621 512 4702 propinans
527 4617 620 4684 dulce
634 4619 742 4686 vinnm
923 4617 1022 4684 Cuius
1036 4621 1174 4687 vitemus
1187 4621 1317 4685 numine

247 4703 596 4786 Doctrinalisgratice:
924 4701 1320 4787 Gehcnnalemgemitum.
1347 4699 1459 4768 Amen.
