3234 5246
707 325 937 388 -389-

620 507 691 569 567.
734 505 786 570 De
806 524 831 570 s.
854 502 1039 569 Promisso.

201 640 228 702 1.
248 633 435 701 Gratuletur
449 653 527 718 grex
545 635 704 703 Minorum
875 645 902 706 6.
923 638 1027 704 Multa
1041 656 1142 720 regna
1155 640 1297 706 sentiunt

246 719 346 784 Laeta
360 737 509 802 promens
521 727 605 800 vota,
922 721 1325 804 Hunc,quisicredoruit;

248 802 346 868 Cuius
362 803 425 868 dus
440 821 614 886 normaque
628 823 752 872 morum
921 805 1269 886 dveshnicobediunt

248 884 360 952 Carnis
375 887 458 952 mole
475 894 562 953 mota
920 889 1004 956 Dum
1019 890 1077 956 nas
1092 909 1168 958 voce
1184 893 1316 958 monuit.

248 969 353 1036 Goelis
369 987 442 1036 ecoe
456 971 562 1037 datur.

200 1057 230 1119 2.
248 1053 311 1132 Qui
326 1055 431 1136 sigillo
447 1055 561 1121 summi
575 1058 662 1139 regis

247 1137 352 1204 (lanne
365 1138 570 1220 consignatus

246 1221 313 1288 Sub
327 1221 443 1288 vexillo
459 1240 536 1289 suae
552 1224 656 1290 erneis

873 1023 901 1083 7.
921 1014 1136 1098 Comprobant
1169 1016 1316 1098 rivilegia

919 1099 1082 1180 Mannum,
1097 1037 1223 1185 perfum,
1238 1099 1349 1167 lateris

920 1183 999 1249 Tam
1013 1185 1158 1267 pretiosa
1174 1183 1316 1264 vulnera,

247 1305 326 1372 Tres
342 1306 512 1389 distinguit
525 1315 639 1388 status,
919 1265 1053 1348 Qffibusr
1070 1273 1172 1352 litiis
1187 1268 1364 1351 insignem·

247 1388 370 1470 Quibus
386 1391 458 1472 quis
472 1392 598 1458 beatur.
870 1397 901 1460 8.
920 1392 1222 1474 Perseraphoruoe
1238 1393 1377 1476 positum

199 1474 228 1536 3.
247 1473 346 1556 Signa
359 1474 498 1557 probant
510 1475 593 1541 hunc
607 1475 746 1556 beatum,
920 1475 1005 1541 Dum
1019 1477 1138 1543 mundo
1153 1477 1359 1559 crucifigaris,

248 1557 310 1636 Qui
324 1560 357 1624 in
372 1559 604 1638 torristonam,
920 1559 999 1626 Tam
1012 1561 1118 1626 nobile
1133 1559 1315 1644 depositum

247 1641 361 1724 Largis
376 1642 468 1709 donis
483 1645 656 1710 sonitatum
920 1643 1098 1726 Singularis
1114 1645 1302 1728 assequeris.

199 1805 229 1872 4.
247 1725 617 1891 ggzttlssffirzltn‘rotrfflftilort
629 1810 780 1890 medelae,
871 1775 901 1836 9⁹
919 1767 1326 1936 gaffgfflsgoesbggfflie'

248 1893 760 2062 trististristis
917 1937 1345 2104 irritationum

247 2063 347 2129 Mutis
360 2063 551 2129 restituitur.

200 2139 229 2208 5.
248 2145 423 2212 Deinnotos
437 2147 586 2227 vivificat,
852 2151 899 2212 10.
918 2144 1058 2213 Nostrae
1073 2145 1183 2214 favens
1197 2146 1355 2214 melodiae

248 2230 339 2298 Nova
351 2232 495 2298 membra
509 2232 675 2312 construit,
918 2229 969 2296 Da
983 2227 1140 2296 fervorem
1156 2231 1312 2312 sedulum,

248 2314 576 2398 Leprosospurificat
917 2313 961 2380 Et
974 2315 1125 2381 assistens
1140 2315 1253 2382 mortis
1269 2315 1320 2382 die

248 2399 335 2476 Quos
349 2399 404 2479 nic·
414 2417 477 2464 non
493 2397 701 2466 abhorruit·
919 2397 1146 2466 Duoadvitse
1162 2400 1316 2467 bravium.

249 2523 274 2562 a.
293 2505 388 2562 Text.
424 2507 508 2563 Mone
526 2508 578 2564 No.
597 2509 650 2563 983
669 2509 704 2579 (3,
724 2505 789 2576 308)
806 2520 872 2561 arra:
899 2503 953 2560 Hs.
972 2521 1009 2560 au
1032 2505 1153 2578 Venedip
1171 2508 1258 2565 Glass.
1267 2508 1316 2563 lx.
1336 2507 1402 2566 (lod.
1417 2511 1476 2566 145.

178 2581 221 2636 14.
231 2579 330 2635 Jalula.
347 2580 398 2634 mit
417 2577 666 2648 derBemerlrunp:
683 2577 782 2634 Plures
801 2577 872 2633 alias
891 2585 919 2632 et
936 2577 1060 2634 diuersas
1079 2579 1239 2648 sequentias
1259 2581 1334 2636 canit
1358 2582 1478 2638 eeclesia
1575 2663 1576 2668 η

178 2649 214 2706 ad
233 2651 367 2706 honorem
384 2650 460 2706 beati
477 2651 565 2721 patris
583 2649 673 2706 nostri
691 2647 842 2738 Franoisoi.

248 2739 275 2794 b.
293 2737 475 2797 Leaorten.
512 2741 537 2809 7,
556 2742 581 2794 2.
601 2753 710 2794 manum
728 2736 782 2794 Hs.
800 2767 834 2778 -
855 2741 896 2808 10,
914 2741 940 2794 4.
960 2737 1030 2794 uduo
1047 2735 1100 2793 Ha.

733 2865 931 2876 ——nu—-u—-a

620 2952 692 3018 568.
735 2947 788 3014 De
809 2967 835 3014 a.
856 2945 1042 3015 Frauorseo.

181 3090 209 3150 1.
235 3079 346 3150 Gaude
360 3081 491 3162 coelum,
511 3087 599 3148 terra
614 3079 741 3164 plaude,
853 3088 881 3148 4.
908 3079 970 3146 Hie
985 3081 1141 3148 creaturis
1156 3081 1303 3164 imperat,

235 3166 309 3232 Flos
322 3167 476 3246 novellus,
492 3166 608 3246 dignus
624 3166 728 3248 laude,
908 3165 1035 3230 Aronna
1049 3166 1116 3231 suis
1131 3172 1264 3243 reserat,

234 3251 303 3317 Iam
317 3248 411 3315 floret
425 3267 483 3332 per
497 3249 640 3317 saecula:
908 3248 1031 3314 Futura
1046 3249 1245 3332 speculatur:

236 3333 298 3412 Qui
313 3333 515 3416 congaudens
530 3335 669 3401 melodia
908 3333 1025 3398 Orbem
1041 3339 1174 3398 exornat
1187 3334 1316 3415 semine,

233 3417 342 3484 Nostri
358 3417 455 3496 chori,
475 3417 535 3484 hae
547 3420 581 3484 in
596 3419 648 3484 vis
906 3415 997 3482 Felix
1012 3418 1141 3483 tandem
1156 3417 1187 3481 in
1203 3418 1330 3498 agmine

234 3500 354 3568 Laudis
369 3499 475 3566 fundit
489 3503 611 3583 poeula.
907 3499 1045 3566 Goelesti
1061 3501 1244 3566 collocetur.

178 3674 208 3736 2.
234 3667 295 3734 His
309 3673 359 3736 est
373 3687 473 3735 novus
487 3668 664 3750 legislator,
852 3674 881 3734 5.
908 3667 1037 3748 Caenos,
1052 3667 1193 3747 claudos,
1209 3668 1332 3753 surdos,
1348 3676 1454 3740 mutos

233 3753 632 3838 Paupertstisrenovator,
906 3753 1262 3820 Datsalutirestitutos

232 3836 421 3904 Freneisous
436 3837 500 3902 dux
515 3837 689 3904 Minorum:
906 3837 1032 3903 Tumuli
1041 3837 1239 3919 fragrantia:

233 3921 307 3988 Iesu
323 3939 419 4004 passo
434 3921 629 4003 compatiens
907 3922 1042 4004 Oquam
1057 3922 1356 4004 multisvitaredit‚

233 4005 373 4089 Exponit
386 4024 512 4072 crucem
526 4005 636 4070 sitiens
904 4005 1019 4088 Lepre,
1034 4007 1145 4088 pestis,
1162 4005 1296 4073 daemon
1311 4006 1395 4074 cedit

233 4090 275 4156 Se
290 4091 378 4171 genti
396 4108 603 4173 paganorum.
904 4090 1070 4157 Virtutum
1085 4088 1276 4171 frequentia.

178 4262 207 4323 3.
232 4256 316 4323 Dum
330 4257 363 4325 in
377 4276 470 4324 eruce
488 4258 654 4340 gloriatur,
849 4262 878 4322 6.
905 4257 1328 4340 Ergolandesvoeeoordis

233 4340 366 4424 Signum
381 4343 483 4410 erneis
498 4340 661 4408 radicetur
903 4341 967 4408 Det
982 4341 1150 4408 Francisco
1166 4347 1254 4408 totus
1268 4342 1364 4424 orbis,

232 4425 312 4492 Eius
326 4427 360 4491 in
374 4425 575 4510 corpusculo:
904 4426 1039 4492 Sumens
1054 4432 1103 4492 tot
1117 4427 1326 4493 charismata:

232 4507 643 4588 Effluonsoruoremlatus,
904 4508 968 4574 Sed
982 4527 1041 4591 pro
1056 4515 1122 4590 tuo,
1139 4517 1259 4594 pastor,
1274 4528 1371 4592 grege

231 4594 269 4660 In
285 4593 374 4674 volis
390 4595 506 4677 plantis
522 4595 677 4673 clavatus,
904 4592 983 4658 Cum
999 4594 1110 4676 regina
1124 4613 1231 4661 coram
1248 4611 1324 4674 rege
1477 4595 1481 4604 '

233 4677 577 4746 Olarelucetseeculo.
904 4676 1036 4764 Semper
1052 4677 1305 4764 offeretigmata.
