3234 5246
137 507 174 568 4.
200 501 287 582 Ergo
300 500 414 568 landes
428 500 502 568 hnic
517 501 687 582 1111111111,

202 585 300 651 cmus
314 583 431 652 festum
446 585 642 654 celebramus

201 668 364 752 Tanquam
380 671 464 752 patri
479 667 553 736 filii:
615 734 621 746 ,

217 775 311 833 Tenet.
348 777 426 836 Miss.
445 776 526 834 fratr.
544 778 634 836 Paria⁴
654 779 732 836 loao.

677 319 823 384 -393
870 353 909 370 -

873 500 919 568 Ut
932 499 1023 568 finita
1038 501 1123 567 vitae
1137 505 1210 566 rota

874 584 923 652 Sit
939 584 1041 668 ipsius
1052 587 1158 666 proles
1174 590 1244 650 tota

873 667 962 736 Oceli
976 687 1108 736 consors
1123 669 1242 752 gandii.
1273 671 1383 734 Amen.

388 1011 459 1076 176.
503 1007 753 1078 [latentissimo
769 1011 866 1091 patro
886 1011 995 1072 nostro
1016 1003 1201 1074 Franciaco.

145 1146 176 1208 1.
202 1140 300 1209 Pater
313 1159 372 1210 111

200 1225 319 1293 Potens
333 1226 498 1311 prodigiis,

201 1309 263 1390 Qui
273 1328 371 1378 suave

201 1394 269 1460 Dos
283 1395 349 1460 tuis
364 1393 492 1462 famulis

201 1477 317 1560 Iugum
334 1477 471 1544 Christi:

201 1561 289 1630 Onus
304 1580 401 1645 greve

200 1647 315 1714 Vitans
334 1645 480 1714 convitiis

202 1731 274 1796 Non
288 1730 383 1796 inane

201 1814 246 1880 Te
262 1813 382 1882 Christi
399 1813 531 1896 proeliis

200 1898 351 1964 Intulisti.

145 1983 176 2044 2.
201 1981 344 2048 Stratum
359 1981 460 2046 Babel

200 2064 268 2132 Das
282 2067 315 2132 in
329 2065 517 2132 miraculum

200 2148 380 2217 Zorobabel

199 2233 259 2300 Dei
275 2232 484 2316 signaculum,

199 2315 302 2384 Paros
316 2317 470 2400 templum

200 2401 295 2467 Vitae
309 2419 420 2484 purae,

198 2485 338 2552 Reducis
353 2485 515 2551 saeculnm

817 1146 846 1209 3.
873 1140 993 1208 Christi
1007 1141 1103 1207 morti

872 1223 918 1291 Te
932 1229 1036 1291 totum
1050 1225 1155 1291 111111

873 1307 1016 1376 Probant
1032 1309 1094 1374 orti

873 1391 964 1459 Clavi
979 1411 1050 1458 curn
1065 1392 1166 1457 latere

872 1475 1039 1544 Saucieto:

872 1559 918 1627 Te
934 1559 1057 1627 cohorti

871 1644 956 1712 Suae
972 1646 1173 1712 conscribere

873 1729 972 1794 Venit
985 1726 1108 1812 Seraph

872 1811 942 1879 Hoc
957 1829 1052 1878 carne
1067 1819 1177 1878 tenere

873 1897 971 1979 Signo
987 1897 1074 1962 dato.

817 1982 846 2043 4.
874 1981 900 2047 Ο
917 1981 956 2046 de
972 1980 1069 2047 coelis

872 2063 958 2132 Tuos
973 2063 1151 2142 considero,

874 2145 1012 2232 Ooeptos
1031 2149 1127 2213 coelis

872 2233 988 2314 Ignitis
1002 2233 1136 2297 vulnera

873 2317 972 2382 Prcce
988 2335 1079 2382 cura:

872 2399 983 2466 Mundi
998 2399 1118 2482 praelis

871 2483 1018 2550 calcatos
1032 2483 1143 2564 libera,

199 2567 311 2635 crucis
329 2569 430 2634 durae
873 2567 926 2634 Sic
941 2587 999 2651 pro
1015 2567 1107 2633 melis

199 2652 517 2736 Politumspeculnm
871 2651 1180 2718 Hiscolensvetera

199 2736 243 2804 Et
257 2737 447 2821 exemplum.
871 2735 962 2804 Mors
977 2751 1099 2803 secura.
1133 2737 1242 2800 Amen.

215 2843 313 2902 Text.
349 2845 428 2902 Miss.
448 2843 526 2900 fratr.
546 2843 634 2901 Paris.
656 2846 734 2900 1520.

387 3137 457 3198 577.
501 3130 554 3197 Dc
575 3130 753 3198 ceunomo
769 3137 867 3214 patre
887 3135 994 3197 1111111
1017 3128 1201 3196 Frmccc'aco.

168 3275 196 3334 1.
215 3267 310 3334 Salve
324 3265 461 3332 fratrum
477 3265 541 3331 dnn
559 3267 727 3346 minorum,
835 3271 865 3331 4.
886 3263 912 3329 Ο
928 3263 1109 3336 mirandum
1123 3263 1334 3344 signaculum,

212 3351 443 3429 1111111111,
458 3349 657 3432 1111111111,
883 3346 1253 3429 Ocrucifixispecnlum

212 3435 594 3516 Vascoelestisgratiae:
883 3433 921 3498 In
936 3449 999 3514 quo
1016 3429 1162 3497 Christus
1177 3432 1356 3512 splenduit:

214 3519 263 3585 Tu
277 3518 417 3601 sigillum
432 3518 548 3584 summi
563 3517 661 3598 ducis,
883 3515 933 3582 Tu
947 3533 1067 3598 parvus
1082 3519 1116 3580 et
1129 3514 1268 3590 humilis,

212 3601 304 3680 Quod
319 3601 459 3685 signavit
472 3602 570 3668 clauis
584 3604 688 3668 crucis
883 3599 982 3666 (luins
997 3599 1107 3681 lingua
1125 3597 1242 3666 fertilis

212 3687 529 3770 Mcnussapientiae.
883 3681 1198 3767 Triplicitcrflornit.

166 3777 194 3837 2.
215 3770 310 3837 Salve
324 3770 415 3837 verbi
428 3769 516 3852 pacis
532 3768 625 3852 lator,
835 3773 864 3834 5.
883 3766 975 3846 Quod
989 3767 1023 3834 in
1037 3785 1131 3834 cruce
1146 3766 1294 3834 christus
1306 3769 1417 3850 gessit,

211 3855 416 3938 Paupertatis
430 3859 611 3936 renovator,
883 3853 920 3918 ln
935 3854 1000 3918 tuis
1015 3853 1166 3918 membris
1181 3853 1343 3934 impressit

210 3939 320 4006 Novae
335 3938 441 4021 gentis
456 3937 574 4019 gloria:
882 3937 1009 4004 Amoris
1024 3935 1220 4002 incendium:

209 4023 288 4089 Post
302 4029 334 4090 te
349 4023 449 4089 currit
463 4027 520 4087 tna
530 4021 618 4086 scola
881 4021 950 4085 Iam
965 4025 1043 4102 quot
1056 4021 1161 4088 morbi
1176 4026 1226 4086 tot
1242 4021 1395 4102 medelae,

210 4106 407 4190 Ρ111111111,
423 4105 586 4186 vilistola,
882 4102 987 4184 Visus,
1002 4122 1131 4186 gressus
1145 4111 1178 4169 et
1192 4102 1337 4186 loquelae

210 4189 325 4271 zonae,
340 4191 458 4258 bursae
472 4190 589 4256 nescia.
881 4187 1004 4254 Ferunt
1018 4189 1247 4254 testimonium.

165 4281 192 4340 3.
209 4275 277 4342 Vas
293 4275 440 4353 electum,
454 4291 511 4340 111
526 4273 692 4354 virtutum,
834 4275 862 4337 6.
882 4269 931 4337 Τ1
944 4271 1025 4338 liber
1038 4273 1127 4338 intus
1141 4279 1174 4339 et
1188 4270 1278 4356 loris,

211 4358 272 4426 Tui
286 4364 441 4442 spernunt
456 4359 540 4424 sicut
553 4358 656 4423 lutum
882 4355 1027 4440 Scriptus
1043 4361 1135 4439 gesta
1149 4357 1324 4424 salvatoris

212 4441 336 4508 Cuncta
349 4442 645 4525 mundiprospera:
881 4439 963 4506 Sunt
977 4440 1051 4506 libri
1066 4443 1218 4508 materis:

210 4527 306 4594 Salve
317 4527 414 4592 decus
422 4545 569 4592 verorum
580 4541 766 4608 pauperum,
880 4525 919 4590 11
934 4543 996 4608 qno
1012 4525 1142 4608 sanguis
1160 4527 1234 4606 agni
1250 4527 1359 4606 claret,

210 4611 248 4676 In
259 4629 324 4693 qno
334 4615 446 4676 noster
456 4611 640 4692 redemptor
651 4611 767 4674 iterum
881 4608 976 4674 Orbis
991 4614 1079 4676 totus
1093 4611 1145 4676 hic
1159 4617 1303 4692 apparet,

209 4695 370 4762 Monstrat
385 4713 445 4763 sna
458 4693 600 4762 vulnera.
880 4691 925 4757 Et
938 4697 1066 4776 patrum
1080 4693 1250 4778 magnalia.
