3186 5254
751 221 985 286 ,445-

573 405 642 468 659.
685 401 739 469 De
759 423 801 470 ss.
821 404 981 472 Manum
1004 411 1034 471 et
1053 403 1157 471 sautia

218 541 244 602 1.
271 535 308 600 ln
324 535 531 602 thebaeorum
889 541 917 603 5.
944 539 1091 606 Ouranus
1107 539 1249 622 pingitur

271 619 443 700 Triumpho
460 628 569 685 coetus
585 622 769 702 augelorum
944 623 1031 688 Coeli
1046 622 1179 689 fioribus

272 703 398 768 Gaudet
410 709 443 768 ct
458 711 651 769 sauctorum.
944 705 987 772 Et
1001 707 1128 774 roribus

273 787 393 850 Horum
408 805 497 852 mens
513 788 640 869 invicta,
943 791 1126 872 Intingitur.

271 871 369 936 Sacro
386 870 464 935 duce
480 871 641 952 Mauricio,
942 875 1080 940 Ministri
1096 874 1250 940 scelerum

271 955 417 1018 Caesaris
432 954 537 1020 edicta
942 957 1092 1024 Gaudent
1106 959 1230 1042 poculis

272 1037 400 1120 Spernit
414 1038 509 1118 plena
524 1037 655 1120 flagitio.
941 1043 1094 1108 lnoculis

272 1121 353 1184 Nam
368 1127 480 1187 corrtra
495 1121 657 1188 Christum
672 1125 778 1191 iurare
942 1125 1004 1191 Tot
1017 1123 1173 1191 funerum.

271 1205 353 1269 Dum
369 1224 431 1270 uon
448 1207 682 1290 obtemporant,
886 1209 916 1270 6.
940 1209 1079 1276 Advenit
1094 1210 1213 1290 Victor,

270 1290 386 1355 Mortis
402 1290 443 1354 ad
458 1290 594 1372 palmum
614 1293 797 1376 praeclarae
940 1296 1044 1362 Vocat
1058 1294 1142 1359 hunc
1157 1292 1260 1372 lictor,

270 1373 392 1438 Decimi
407 1381 589 1458 properant.
941 1378 1006 1444 Sed
1020 1378 1130 1443 horret
1142 1379 1274 1442 erimina
1284 1377 1525 1446 contradictor.

939 1464 1014 1529 Mox
1029 1481 1104 1528 ense
1122 1467 1269 1544 punctus,

153 1605 156 1610 ·
215 1573 243 1632 2.
272 1567 353 1632 Dum
367 1587 430 1632 non
446 1572 614 1650 terrentur,
941 1547 1015 1614 Pali
1031 1565 1087 1642 Spe
1102 1544 1240 1624 functub
1377 1631 1383 1643 ,

272 1653 344 1716 lton
358 1659 563 1718 recensentur
940 1631 1061 1698 Honori
1076 1633 1252 1710 martyrum
1266 1633 1315 1695 cst
1330 1631 1522 1698 adrumetus.

269 1735 312 1800 ut
328 1754 457 1800 numero
473 1755 545 1802 mox
560 1736 700 1804 decimus
720 1739 838 1820 interit,
941 1715 983 1780 Hi
998 1716 1057 1781 ⁵¹¹1)
1073 1713 1271 1780 Di⁰⁰l⁰lltl⁰⁰

271 1819 352 1883 Dum
369 1839 423 1884 rex
440 1819 597 1901 hortatur,
942 1799 1032 1876 Qube
1054 1802 1128 1863 tunt
1149 1816 1276 1863 sursum
1298 1807 1467 1880 quaerunt
1489 1808 1522 1866 et

269 1901 314 1968 Ut
330 1921 433 1969 mores
448 1911 580 1986 spernat
594 1923 663 1970 cum
681 1907 775 1972 sociis
982 1883 1119 1964 Sapiunh
1235 1966 1240 1978 .
1279 1966 1285 1978 .

270 1986 312 2051 Et
328 1988 429 2052 Socios
444 1989 571 2070 ingerit.
941 1967 990 2032 Ob
1007 1966 1066 2031 110ss
1081 1965 1140 2030 Sllb
1156 1965 1350 2062 Mfflllllal'lo

270 2070 353 2136 Hinc
369 2071 547 2153 Exuperius
941 2051 1071 2116 Goelum
1087 2050 1241 2116 violenter
1256 2053 1395 2131 rapiunt

269 2154 440 2236 Legionem
456 2157 606 2238 inelynnn
941 2137 1064 2232 Agmen
1078 2134 1139 2230 hoc
1154 2133 1297 2200 terribile

269 2238 436 2334 Consortot
450 2239 604 2336 uberius·
887 2291 914 2352 7·
941 2219 984 2368 Ῑὲῐ
999 2215 1197 2366 lgbffobgeffi

269 2322 380 2387 Monet
395 2323 489 2388 simul
505 2323 668 2390 Candidus
968 2321 1007 2367 8¹¹
1031 2321 1042 2366 1
1067 2320 1103 2366 11⁸
1138 2319 1153 2365 S
1199 2320 1215 2366 S

270 2405 467 2488 Superstites
483 2413 631 2474 constare
647 2408 789 2474 viriliter.
941 2387 1009 2452 1³⁰¹
1024 2386 1057 2450 in
1073 2385 1205 2480 castrii.

941 2471 1057 2550 Fulget
1071 2469 1232 2548 angelicis,

941 2555 1121 2635 Purpurate
1136 2553 1219 2634 legio

941 2639 1062 2704 Murice
1078 2637 1175 2716 regio,

941 2721 1083 2788 Phalanx
1098 2719 1300 2801 triumphalis

942 2805 994 2870 Fit
1009 2803 1153 2886 aequalis

941 2891 1064 2955 Ovibus
1081 2886 1218 2953 coelicis.

885 2981 914 3040 8.
942 2973 1078 3055 Oquam
1097 2971 1212 3036 decoro

942 3057 1069 3122 Christo
1084 3056 1153 3135 rogi
1168 3055 1232 3118 dux
1247 3055 1365 3130 unitur,

941 3142 1003 3206 Pro
1019 3159 1082 3221 quo
1098 3137 1206 3220 gladio
1220 3137 1353 3220 punitur

941 3223 1081 3291 Rubriur
1096 3221 1201 3287 ostro!

212 3305 242 3366 4.
271 3299 355 3366 Grex
372 3321 449 3384 ergo
464 3307 619 3371 sternitur
885 3307 914 3368 9.
941 3309 1059 3374 Nostro
1074 3323 1200 3386 semper
1215 3323 1273 3386 pro
1287 3309 1381 3368 reatu

268 3384 348 3450 Cum
365 3387 503 3466 dulcore,
941 3391 998 3457 Pio
1014 3391 1174 3473 supplicet
1188 3393 1328 3471 precatu.

268 3469 355 3534 Mors
371 3471 441 3554 ipsa
455 3475 618 3557 spernitur
941 3475 1007 3540 Nos
1022 3492 1117 3540 verae
1132 3473 1189 3538 uiti

268 3551 473 3622 Praeamore
941 3559 1083 3636 Maurici,

269 3635 415 3704 Caelesti·
940 3643 1111 3709 Foecundo
1127 3641 1250 3722 palmes
1271 3655 1369 3722 opere
1383 3655 1513 3720 precum

268 3721 399 3787 Scelesti
941 3727 1057 3792 Tecum
1072 3727 1194 3790 inserat

267 3803 378 3872 Ruunt
392 3807 509 3874 milites
941 3811 1063 3876 Cohors
1077 3827 1173 3891 quam
1188 3825 1274 3873 mors

268 3889 304 3954 In
321 3889 440 3955 Christi
455 3891 620 3958 satellites.
941 3895 1013 3960 Non
1029 3897 1168 3975 separat.

282 3997 377 4054 Text.
411 4001 504 4070 ,Moru
522 4001 575 4059 No.
594 4003 654 4058 509.
673 4000 701 4058 S.
720 4005 774 4059 289
802 4019 868 4057 aas:
895 4001 946 4059 Hs.
967 4019 1003 4058 aa
1021 3999 1061 4058 St.
1081 3999 1182 4056 Gallen
1207 4001 1259 4056 No.
1278 4002 1331 4055 546
1358 3996 1510 4068 (Brenthe),

211 4064 259 4120 Bl.
278 4069 340 4136 352,
360 4071 429 4126 ohne
448 4071 579 4128 Metodio.

215 2605 243 2666 3.
270 2597 350 2663 Nam
366 2599 526 2666 desiderio

270 2683 386 2748 Sacrae
402 2687 512 2750 mortis

270 2767 367 2848 Regis
383 2769 516 2850 imperio

269 2849 377 2918 Turba
392 2851 484 2916 fortis

269 2935 339 2998 Non
356 2941 456 3017 paret,
473 2955 535 3001 uon
550 2943 656 3018 pavet,

270 3017 371 3084 llnses
387 3020 500 3084 sitiens

269 3101 439 3185 Vitamque
457 3105 645 3188 despiciens.

765 4179 962 4188 ...ρ-...ᾡ-

398 4244 467 4304 660.
512 4240 649 4325 lasesto
664 4261 690 4309 s.
706 4241 863 4310 Mouritta‘
886 4243 940 4328 (de
954 4241 1151 4323 martyribus
1166 4241 1335 4322 thebaeis).

214 4352 242 4410 1.
268 4345 444 4412 Redeundo
460 4368 517 4431 per
533 4369 646 4432 gyrum
942 4349 1064 4428 Quibus
1080 4349 1208 4414 modum
1224 4349 1371 4416 nimirum

268 4428 386 4495 circini
402 4433 527 4498 annalis
943 4434 1194 4516 Aequinoctialis

268 4513 488 4582 Thebaeorum
504 4521 679 4601 martyrum
942 4519 1020 4584 Dies
1037 4519 1099 4584 iste
1114 4516 1217 4584 iectus
1234 4523 1283 4583 est

267 4596 547 4666 Reiulsitnatalis.
941 4603 1021 4668 Dies
1035 4601 1215 4668 aeternalis.
