3186 5254
649 233 878 296 -449-

111 422 141 481 5.
164 412 311 482 Pontifex
325 419 381 481 tuo
396 413 501 480 lactus
518 415 646 480 oraculo
662 431 720 480 ceu
736 413 825 481 sidus
839 413 956 480 claruit
968 415 1097 482 mundo.

112 505 141 564 6.
164 499 276 566 Anulis
290 515 445 580 praesens
460 497 576 564 1166166
591 499 772 581 compescit,
791 517 811 564 a
825 504 928 564 morte
943 499 1071 564 iuvenes
1086 497 1189 564 solvit.

112 590 141 650 7.
163 582 356 679 Pessumdat
376 587 490 680 cautus
513 581 620 647 lucum
642 583 806 650 daemonis
827 583 1002 663 magicum,
1032 581 1152 664 effugat
1177 581 1292 649 lumem
1317 586 1411 648 aucto

109 757 140 817 8.
162 751 241 817 Eius
257 665 587 832 ffiuffiuiotgrlociiuum
602 754 697 816 sanat
710 750 914 832 languidulos
929 752 1042 818 oleum.

111 841 141 898 9.
164 835 261 900 Cuius
276 853 360 900 nunc
375 833 429 916 pia
443 851 538 918 prece
552 833 659 915 aegris
674 835 815 916 crimine,
830 835 913 914 lesu,
930 836 1068 902 medere.

180 942 275 998 Text.
312 941 695 1013 MoneNo.1088(3‚450)
722 960 789 999 our.-
812 941 867 998 Hs.
892 959 929 999 66
954 941 1117 998 6111161166
1142 945 1275 1000 116880.
1302 961 1329 1013 6.
1349 946 1410 999 271.

110 1016 162 1068 ruit
179 1013 315 1081 Neomeo,
334 1011 491 1068 1116111.
509 1019 592 1068 enter
609 1013 733 1068 Notkers
752 1013 919 1084 Sequanam.
931 1045 964 1056 -
974 1015 1055 1070 stete
1073 1016 1204 1070 6661161
1222 1013 1287 1072 Ood.
1300 1016 1327 1072 S.
1338 1015 1410 1071 dell.

109 1086 162 1142 No.
180 1087 233 1140 146
252 1085 408 1154 (Brender).
445 1083 498 1140 Ha
518 1101 556 1140 66
573 1084 739 1140 Eiariedeln
756 1085 834 1142 Mies.
858 1090 908 1141 113
928 1103 981 1142 aue
999 1087 1060 1142 dem
1077 1089 1122 1142 12.
1139 1084 1240 1142 Jaert.
1258 1085 1288 1142 S.
1307 1088 1411 1143 596111

111 1158 161 1212 cler
180 1156 304 1211 Melode'e
330 1157 390 1211 ond
416 1157 537 1212 anderes·
557 1155 790 1226 Verecdtlreitrcng
817 1157 861 1212 cle
887 1158 930 1211 tei
950 1157 1041 1212 Mone.
1077 1157 1198 1214 Dareus
1222 1158 1410 1215 116111116661

109 1227 210 1284 61296
229 1227 275 1284 die
296 1226 363 1284 Ver.
381 1229 448 1283 mit:
466 1231 492 1282 2.
511 1227 570 1284 eius
583 1228 639 1296 seir
656 1234 735 1296 tuas;
754 1232 780 1284 6.
799 1229 973 1298 compescuit.

654 1383 852 1390 ——-—-..-—-—

573 1495 644 1558 664.
687 1491 740 1558 De
761 1511 787 1558 6.
811 1492 954 1560 11166166.

133 1636 160 1694 1.
184 1627 294 1696 Laude
309 1627 556 1708 condignissima
570 1627 639 1694 dies
654 1647 760 1694 annue
774 1627 882 1694 reddit
895 1627 1015 1710 gaudia
1028 1629 1221 1710 praesentia,

132 1719 160 1778 2.
184 1713 273 1790 Quae
288 1711 366 1776 66611
381 1711 508 1794 agmina
522 1711 753 1778 instantissima
767 1730 892 1794 semper
906 1713 1070 1778 celebrant
1083 1709 1273 1793 frequentia.

132 1803 161 1864 3.
183 1797 275 1864 Hanc
289 1794 421 1878 Nyeolai
459 1793 593 1860 ontificis
608 1794 755 1862 Christus
767 1802 933 1862 consecrat
946 1815 984 1862 ex
999 1796 1130 1872 meritis

131 1889 160 1948 4.
185 1879 230 1946 Ut
244 1878 415 1964 praecibus
429 1815 624 1945 idelissimis
639 1881 743 1962 ipsum
758 1881 877 1962 rogitet
891 1899 948 1962 pro
964 1879 1110 1970 seruulis.
1205 1959 1211 1974 ι

133 1971 161 2030 5.
183 1964 245 2031 Η16
265 1967 367 2028 matre
389 1964 578 2044 progenitus
599 1965 702 2046 gretia
723 1963 859 2029 inlantia
874 1965 994 2044 degens
1008 1961 1267 2028 innocentissima
1282 1959 1411 2026 artabat

259 2048 322 2112 iarn
339 2047 462 2129 corpori
479 2045 548 2111 lora
563 2047 694 2128 spiritus
704 2048 870 2129 imponens
882 2048 952 2112 iura
962 2046 1119 2130 luxusque
1132 2045 1284 2111 domabat
1293 2042 1410 2108 inedia.

133 2135 162 2198 6.
183 2133 199 2198 Ι
222 2149 293 2199 sum
307 2149 368 2196 vox
383 2131 569 2213 praestituit
583 2131 702 2196 coelica
715 2132 893 2198 antistitem
907 2129 1027 2197 Mireae
1043 2131 1144 2212 signis
1158 2128 1350 2213 praecluem,

133 2223 160 2281 1.
213 2217 245 2282 61
259 2216 348 2298 prior
364 2233 445 2296 6666
460 2214 568 2280 docuit
582 2212 659 2280 16611
677 2215 823 2282 subditos
845 2219 882 2280 ut
904 2221 1015 2298 pastor
1036 2232 1167 2296 regens,
1193 2231 1255 2278 non
1272 2215 1309 2277 ut
1327 2227 1408 2276 mer·

259 2299 428 2365 cennarius
443 2297 625 2379 neglegens.

130 2389 160 2449 8.
182 2383 340 2449 Defensor
349 2387 535 2448 cunctomm
543 2381 790 2450 hiemiserorum
802 2382 1051 2464 condempnatos
1061 2383 1192 2447 iuvenes
1204 2379 1322 2462 eripuit
1332 2383 1409 2446 tres.

130 2479 159 2538 9.
184 2467 263 2534 (lum
278 2467 356 2532 haec
370 2473 403 2532 et
417 2467 497 2532 talia
512 2467 639 2532 studuit
652 2466 745 2549 plura
760 2467 932 2533 senectutis
946 2467 1089 2548 integros
1104 2465 1213 2546 attigit
1224 2481 1335 2530 annos.

112 2557 158 2617 lo.
182 2551 301 2617 Tactus
315 2555 418 2616 morte
432 2550 574 2634 corporis
590 2551 739 2634 spiritum
750 2551 835 2616 vitae
847 2552 969 2616 remisit
980 2550 1075 2617 coelis
1088 2551 1283 2616 laetaturum
1298 2545 1410 2614 sedulo

257 2635 361 2717 patris
375 2653 482 2716 regno.

111 2725 159 2784 ll.
182 2719 262 2784 Eius
276 2720 408 2866 tumbae
422 2736 580 2784 marmore
602 2718 706 2784 oleum
728 2737 800 2785 mox
819 2719 904 2802 cepit
920 2735 1068 2786 emanare
1087 2717 1174 2783 66166
1191 2714 1409 2798 egritudinum

258 2821 311 2868 mu
325 2803 515 2884 tigenarum.

113 2887 160 2951 12.
184 2885 320 2952 Oramus
335 2885 532 3034 sencgssime
546 2885 732 2968 praesulum
747 2891 779 2952 te
794 2886 928 2970 supplici
943 2891 1028 2966 6616,
1044 2893 1080 2953 16
1094 2889 1223 2952 nostroe
1237 2888 1408 2967 praecatus

259 2989 296 3036 eu
341 2989 395 3036 ere
441 2989 555 3050 omino,

110 3057 158 3120 13.
183 3049 228 3118 Ut
247 2987 350 3136 ipsigugs
372 3055 477 3138 gratia
498 3073 557 3137 per
579 3058 636 3118 tua
658 3053 838 3136 praesentia
858 3053 940 3120 16616
959 3054 1127 3120 deleantur
1147 3059 1262 3121 cuncta
1276 3052 1409 3120 crimina

257 3147 377 3206 nostra.

181 3245 276 3302 Teut.
312 3247 414 3304 Daniel
433 3247 471 3315 11,
490 3247 594 3303 16161
613 3246 659 3300 dic
675 3251 701 3300 1.
720 3244 797 3300 Zea'te
815 3264 868 3302 eea
887 3245 952 3304 cod.
971 3247 1082 3304 Mons.
1102 3261 1174 3303 6666.
1192 3245 1241 3302 Xl.
1278 3244 1336 3300 Die
1350 3243 1407 3300 Ab·

109 3317 212 3387 sctrrft
231 3318 281 3374 der
298 3333 408 3390 666166
426 3318 550 3389 Sequens
568 3317 707 3374 cerdonlce
725 3317 771 3373 icit
788 3317 827 3372 Η.
847 3319 949 3374 (lhriet.

656 3455 855 3463 ..n-m

443 3543 514 3610 665.
557 3541 610 3607 De
629 3560 655 3606 s.
680 3539 810 3609 Nicotoo
832 3542 977 3623 episcopo
999 3541 1080 3607 Mir.

129 3687 157 3744 1.
181 3681 425 3763 congaudentes
440 3684 619 3750 exultemus
634 3685 735 3750 vocali
751 3685 920 3752 concordia

180 3765 230 3830 Ad
242 3767 330 3832 beati
345 3766 468 3832 Nicolai
483 3766 598 3834 festiva
613 3768 788 3847 sollemnia,

180 3847 240 3927 Qui
252 3849 284 3915 in
300 3851 390 3916 cunis
405 3852 510 3918 adhuc
523 3853 631 3918 iacens
648 3852 803 3918 servando
818 3853 937 3919 ieiunia

180 3935 207 3998 A
223 3934 353 4016 papillis
368 3935 473 4016 coepit
487 3953 611 4001 summa
625 3936 801 4017 promereri
816 3937 944 4019 gaudia.

128 4023 155 4083 2.
179 4018 373 4085 Adolescens
388 4021 589 4100 amplexetur
603 4019 781 4087 litterarum
797 4023 915 4102 studia

178 4103 312 4168 Alienus
328 4109 360 4168 et
374 4103 523 4168 immunis
538 4105 578 4169 ab
594 4105 681 4169 omni
696 4105 837 4173 lascivia.

179 4185 278 4264 Felix,
294 4186 384 4252 cuius
400 4185 566 4268 dignitatis
581 4205 643 4252 vox
658 4189 697 4254 de
712 4189 801 4255 coelo
816 4189 940 4268 nuncia

179 4269 242 4333 Por
257 4288 353 4352 quam
367 4277 479 4336 uectus
495 4270 686 4336 sublimatur
701 4273 742 4338 ad
758 4291 883 4340 summa
898 4273 1039 4353 fastigia.

128 4356 156 4416 3.
179 4351 260 4419 Erat
275 4354 308 4418 in
324 4355 392 4419 eius
407 4355 631 4503 66116οὲ16166
647 4357 771 4436 eximia,

179 4435 223 4502 Et
237 4440 397 4520 oppressis
413 4439 520 4521 impen
544 4439 619 4505 ebat
632 4440 734 4506 multa
749 4441 911 4507 beneficia.

178 4521 268 4587 Auro
281 4540 339 4603 per
354 4540 426 4588 eum
440 4525 600 4606 virginum
616 4525 742 4591 tollitur
756 4523 896 4605 inlamia,

178 4605 285 4686 Atque
298 4608 402 4688 patris
417 4608 591 4674 earundem
606 4607 730 4675 leuatur
747 4609 866 4692 inopia.

146 4707 253 4760 11616616,
266 4704 401 4758 &quem
