3218 5234
624 291 853 354 -123-

137 475 156 532 9.
171 467 308 535 Albieare
324 469 390 536 late
407 487 538 554 campus
769 467 1225 552 11.Sedderegnoexulusit

169 553 295 618 Hiemali
315 561 420 634 noete,
835 555 903 622 Sua
917 555 1067 632 vanitate,

169 635 238 702 Cum
251 637 429 704 flavescunt
443 637 508 706 late
523 657 645 706 messes
834 637 935 715 Quem
950 637 1078 704 reduxit
1091 637 1152 702 Dei
1169 635 1310 704 Verbum

166 721 313 788 Aestivali
330 723 411 788 luce.
836 723 902 788 Sne
917 723 1045 804 pietate.

118 812 150 868 iu.
166 801 528 880 Quietatuithominem
768 810 816 870 12.
835 805 947 870 Lauda
961 805 1085 888 plasma
1099 805 1334 888 redemptorem

164 887 276 970 Regem
292 896 479 968 ereaturam
836 889 1004 956 Viseerum
1019 889 1176 969 neurius,

163 971 217 1048 Qui
232 975 259 1039 si
277 975 386 1054 vellet,
401 973 592 1040 immortalis
836 972 884 1040 Ut
897 974 1022 1056 reiungi
1037 975 1192 1039 merearis

162 1056 321 1124 Potuisset
337 1077 417 1124 esse.
837 1055 967 1124 Civibus
983 1057 1139 1141 supernis.
1169 1057 1280 1124 Amen.

106 1181 183 1288 Ma
200 1165 297 1294 Tege.
311 1239 321 1292 ¹
336 1166 424 1222 Neale
442 1182 468 1234 p.
487 1167 548 1220 267.
568 1181 583 1220 s
601 1163 679 1221 bites.
698 1163 873 1221 Hidrosienai
893 1169 970 1224 1519.
992 1195 1026 1207 -
1044 1165 1264 1236 nantelmus.
1282 1167 1395 1222 breden

124 1250 135 1286 t
177 1253 226 1292 tm
273 1253 311 1294 ea
324 1255 348 1294 θ.

160 1325 183 1378 b.
199 1323 388 1382 Leearten.
427 1330 450 1395 1,
470 1329 495 1380 4.
523 1325 625 1381 Addidi
643 1339 735 1379 nune
754 1333 782 1379 et
809 1329 834 1394 2,
853 1329 879 1380 4.
907 1325 1060 1394 landem,
1080 1333 1112 1382 ut
1129 1331 1270 1382 conemret
1288 1341 1393 1384 reisue.

105 1392 260 1464 b'.-4‚4.
282 1399 427 1453 Suaiuna
446 1397 544 1452 stellis.
564 1397 626 1452 biis.
665 1425 699 1436 -
736 1399 762 1464 8,
782 1399 807 1450 2.
827 1397 912 1452 Liber
929 1397 1089 1453 reddere.
1127 1399 1194 1455 Cum
1211 1399 1394 1468 tetruyllabo

103 1467 197 1531 passivo
206 1483 278 1538 opus
289 1471 337 1538 sit,
348 1485 382 1524 ex
391 1471 553 1525 coniectura
562 1467 625 1522 dedi
644 1467 814 1522 redimiri.
825 1468 927 1537 ungo
939 1470 1030 1538 legere
1039 1468 1314 1526 malimredolere.
1324 1471 1393 1526 Dan.

157 1571 177 1609 e.
194 1555 352 1612 Bemerk.
391 1561 414 1610 l.
434 1555 604 1626 Rhytbmum
623 1557 708 1624 hujus
726 1570 828 1625 prosae
847 1559 997 1628 permirum
1016 1558 1394 1628 esserelinspieientipatet.

103 1622 339 1684 Homueoteleuton
358 1629 430 1682 enim
450 1645 504 1696 quo
524 1628 693 1684 clauduntur
711 1643 819 1694 versus,
847 1631 972 1696 quamvis
996 1629 1025 1686 in
1052 1631 1184 1686 trochaeo
1202 1629 1393 1698 terminentur,

101 1695 200 1765 simplex
218 1707 272 1771 est,
293 1717 349 1755 non
369 1699 486 1768 duplex3
506 1699 624 1768 ideoque
644 1715 705 1754 cum
724 1707 841 1754 accentu
860 1707 972 1770 pugnat.
992 1701 1026 1758 N.

647 1841 749 1850 .....
750 1841 846 1852 «n...-

497 1929 565 1990 146.
609 1923 661 1990 De
681 1929 794 1990 sancta
820 1923 986 1991 Trinitaie.

101 2056 121 2113 l.
139 2053 220 2122 Laus
236 2058 310 2125 Deo
325 2059 424 2136 Petri,
439 2057 585 2139 Filioque
600 2059 742 2140 compari
757 2057 789 2124 in
804 2059 929 2124 unitate
943 2057 1082 2140 Spiritus
1096 2055 1257 2121 Peraeliti.

98 2139 121 2196 2.
139 2136 219 2212 inus
234 2143 307 2208 Deo
322 2143 543 2224 omnipotenti,
567 2143 670 2225 quiin
686 2143 843 2225 sapientie
864 2161 922 2226 per
937 2141 1091 2225 Spiritum
1105 2139 1257 2206 Sanctum
1273 2139 1395 2208 creavit

235 2234 269 2294 et
284 2229 445 2308 gubernat
459 2227 574 2292 omnia.

98 2307 120 2366 3.
139 2304 221 2375 inne
236 2313 299 2379 tibi
315 2313 444 2392 antique
459 2310 592 2392 dierum,
607 2311 663 2392 qui
679 2327 750 2376 cum
765 2309 975 2378 dilectissimo
989 2309 1066 2376 Iesu
1078 2307 1143 2376 filiu
1158 2315 1214 2376 tuo
1230 2313 1263 2376 et
1276 2307 1394 2376 Sancte

97 2475 120 2533 4.
140 2395 580 2562 cuiusrielglgegsifflrgicgretsgne
595 2484 763 2562 permanet
776 2480 810 2545 in
825 2479 956 2546 saecule
970 2477 1180 2545 saeculorum.
1208 2479 1318 2544 Amen.

156 2601 181 2640 a.
200 2587 297 2644 Text.
334 2587 424 2644 Morel
443 2589 495 2644 No.
514 2590 540 2642 8.
559 2586 587 2640 S.
606 2589 632 2641 3.
651 2603 720 2642 aas:
737 2587 790 2643 Ha.
809 2604 847 2642 aa
863 2587 905 2642 St.
925 2585 1028 2644 Genea
1046 2589 1099 2642 546
1117 2585 1264 2655 (Brandar)
1282 2585 1330 2640 Bi.
1341 2589 1394 2642 117

97 2653 138 2735 uit
150 2656 198 2710 der
207 2660 389 2728 Aufeebrrfft:
407 2659 490 2714 Feria
508 2665 588 2714 sexta
605 2659 649 2714 rei
667 2658 768 2714 seriata
786 2661 887 2729 brevis,
907 2661 980 2716 bona
997 2659 1142 2728 sequentia
1161 2657 1195 2714 de
1213 2657 1394 2714 inenarrabili

97 2727 211 2784 inditate
231 2733 289 2801 (A).
310 2763 343 2772 -
362 2731 441 2788 Mise.
461 2731 518 2788 col.
539 2733 608 2786 1504
626 2731 678 2801 (B),
696 2731 771 2800 Meg.
793 2733 861 2786 1607
881 2731 932 2802 (C).

156 2815 181 2871 b.
200 2819 387 2874 Leearteu.
425 2823 450 2874 2.
470 2835 528 2890 sap.
549 2825 577 2874 et
595 2820 695 2890 spirita
715 2824 812 2874 saneto
829 2819 862 2874 A.
885 2849 916 2860 -
936 2817 1102 2888 gubernavit
1121 2819 1149 2876 0.
1163 2847 1190 2860 -
1206 2821 1231 2874 3.
1251 2817 1393 2886 antiquum

97 2881 119 2934 C·
136 2915 167 2928 -
186 2906 249 2946 eum
268 2892 409 2960 unigenite
427 2893 460 2946 A.
497 2891 582 2948 lbesu
598 2889 656 2946 AB.
676 2921 710 2932 -
730 2897 826 2950 saneto
845 2891 945 2961 spiritu
964 2905 1065 2961 regnae
1083 2889 1189 2962 paracl.
1208 2891 1242 2944 A.

753 3025 845 3035 ...m-

496 3115 565 3175 147.
609 3111 661 3176 De
682 3116 794 3178 saneta
818 3107 984 3175 Trinitaie.

100 3239 120 3302 l.
144 3237 331 3390 Qnieungue
345 3243 414 3308 vult
429 3241 537 3308 sulvus
553 3261 633 3325 esse,

144 3323 255 3406 Ipsum
292 3327 363 3392 dem
380 3331 431 3392 est
444 3345 574 3394 neeesse

146 3407 281 3476 Servare
296 3409 509 3478 catholicam:

144 3491 233 3560 Haec
246 3499 295 3560 est
309 3494 397 3574 tides,
413 3511 495 3576 quae
511 3501 658 3562 servetur

145 3574 186 3642 Et
199 3592 258 3662 per
271 3596 380 3644 vorem
394 3577 599 3658 praedicetur

147 3658 275 3728 Cunctis
289 3663 518 3744 Apostolieam.

99 3741 123 3802 2.
148 3741 238 3812 Unus
252 3751 303 3812 est
317 3748 350 3812 in
365 3745 531 3826 Trinitate,

149 3825 262 3897 Trinus
277 3831 375 3896 estin
390 3829 525 3896 Unitate

148 3911 231 3980 Deus
245 3932 357 3980 creans
373 3914 496 3980 emnia:

147 3993 259 4064 ibinus
273 4000 306 4064 in
320 4000 467 4080 personis
483 3998 579 4078 Deus,

147 4077 325 4148 Erubescat
339 4082 412 4147 hine
426 4083 574 4162 Iudaeus,

148 4160 236 4232 Unus
250 4168 281 4231 in
300 4168 450 4232 essentia.

101 4247 125 4306 3·
148 4245 205 4317 Est
220 4251 288 4316 sine
301 4251 458 4334 principio
473 4249 617 4316 Peterin
633 4251 783 4332 essentia,

148 4331 287 4400 Verbum
302 4335 341 4400 de
357 4335 513 4417 principio
528 4351 587 4418 per
600 4333 692 4400 Patri
706 4335 861 4418 potentie,

149 4413 323 4500 Utriusque
338 4417 476 4501 Spiritus
491 4422 541 4484 est
555 4419 784 4485 convenientia.

100 4499 125 4560 i.
147 4499 242 4568 Peter
256 4507 305 4568 est
319 4503 481 4584 ingenitus
497 4501 537 4567 de
552 4521 586 4568 se
600 4501 740 4570 Verbum
754 4519 919 4584 generare,

147 4583 245 4654 Filius
261 4587 456 4668 unigenitus,
472 4587 562 4653 Patri
577 4606 640 4652 non
655 4585 863 4668 degenerans,

148 4668 286 4754 Spiritus
301 4689 365 4738 nun
380 4673 507 4754 genitus
523 4671 564 4738 sb
578 4675 715 4753 utreque
730 4671 871 4738 radians.
