3190 5226
747 247 957 312 ..53-

225 429 253 489 5.
276 427 345 491 Vae
361 441 497 490 coronae
512 423 733 507 superborum,
896 430 926 492 8.
949 423 1088 505 Aquam
1101 421 1178 488 felix
1193 424 1271 490 hoec
1286 433 1454 510 punctura,
1573 495 1574 498 ,

276 505 406 590 Spinsm
421 513 537 591 portet,
554 515 664 592 spreto
677 509 791 576 florum
948 507 1046 573 Cuius
1062 513 1200 588 surgunt
1213 526 1252 574 ex
1266 512 1396 578 laesuro

276 591 386 657 Gloria
400 611 456 658 rex
470 593 608 674 gloriae:
947 591 1093 656 Virtutes
1108 599 1141 657 et
1155 595 1312 675 praemiet

276 675 394 758 Spinue
408 677 516 758 plecta
530 677 669 743 nostros*¹
675 679 788 761 plectit
945 675 1122 742 Benedicta
1136 679 1178 740 sit
1193 677 1272 743 haec
1287 680 1390 762 spino,

273 759 432 841 inimicos,
450 766 483 826 et
497 779 555 826 nos
570 761 670 828 nectit
947 759 1384 842 Perquumprofluitresinu

275 843 343 910 Deo
358 863 442 910 nexu
457 845 590 926 gratiae.
946 843 1293 911 Malocuransomnis.

224 931 250 992 6.
275 925 390 1011 Spinas
405 928 529 1010 profert
543 927 672 996 sceleris
895 931 924 992 9.
946 926 1073 993 Laudes
1087 945 1164 1008 ergo
1179 930 1339 996 dominico

273 1014 359 1093 Ager
375 1013 464 1078 Adue
479 1014 605 1095 veteris,
946 1010 1039 1076 Serto
1055 1012 1167 1078 demus
1182 1013 1323 1096 mirifico,

274 1094 575 1162 Terromoledicto:
947 1096 1033 1161 Voce
1047 1096 1157 1177 plena:

273 1179 371 1244 Redit
385 1181 575 1260 benedictio,
945 1177 1006 1245 Per
1020 1179 1106 1261 quod
1121 1180 1207 1245 sulus
1221 1181 1408 1262 acquiritur,

273 1263 357 1328 Dum
371 1264 409 1329 lic
423 1265 533 1346 spinae
548 1263 676 1348 punctio
945 1261 1130 1344 Vitarcdit,
1147 1281 1232 1330 mors
1247 1266 1419 1331 moritur..

274 1345 570 1414 Carnebenedicte.
947 1345 1036 1411 Perit
1051 1365 1163 1430 poeno.

221 1435 250 1496 7.
272 1431 357 1497 Dum
372 1449 490 1498 corone
504 1447 650 1515 pungens
665 1430 764 1497 cinxit
874 1434 923 1494 10.
947 1428 1177 1512 Supplicomus,
1192 1431 1268 1498 Iesu
1283 1433 1375 1512 hune,

273 1513 393 1582 Christi
409 1521 515 1599 ceput,
531 1523 564 1580 et
579 1515 769 1581 constrinxit
944 1513 1011 1579 Nos
1025 1517 1183 1595 perduces
1196 1517 1228 1582 vi
1243 1533 1379 1582 coronae

274 1600 444 1682 Spinornm
460 1601 626 1681 angustia:
945 1599 996 1663 Ad
1012 1616 1159 1664 coronam
1175 1601 1310 1682 gloriae:

273 1683 392 1765 Spinse
408 1690 537 1750 nostroe
551 1682 804 1764 confringuntur,
944 1681 1014 1747 Tuo
1028 1684 1120 1764 spino
1134 1703 1192 1749 nos
1207 1684 1373 1764 confortet,
1573 1729 1574 1760 ,

272 1767 355 1834 Num
370 1768 496 1834 dolores
511 1769 682 1847 leniuntur,
946 1763 991 1831 Ut
1004 1786 1094 1833 mens
1108 1775 1221 1834 nostru
1235 1769 1322 1834 loeta
1336 1773 1447 1852 portet
1573 1783 1574 1852 3

273 1853 317 1917 Et
330 1859 511 1936 purgantur
525 1852 613 1918 vitiu.
947 1851 1304 1933 Spinespoenitentise.
1573 1853 1574 1946 3

245 1959 364 2088 uigcut.
400 1961 503 2018 Daniel
520 1961 558 2031 V,
580 1963 631 2018 185
651 1975 667 2015 e
684 1959 763 2016 Miss.
783 1956 944 2030 Upseliensi
966 1959 1066 2030 (1513).
1093 1959 1277 2031 Ecclesiolop.
1303 1961 1390 2030 April.
1419 1963 1496 2017 1854.
1573 1965 1574 2032 3

748 2157 947 2168 ——----

636 2301 688 2365 48.
730 2295 783 2362 De
803 2315 919 2362 corono
938 2295 1060 2377 spineo.

220 2437 247 2498 1.
271 2429 440 2512 Synogogo
454 2431 661 2514 praeparavit
892 2441 920 2500 3.
944 2429 1058 2514 Spinus
1073 2429 1136 2496 lert
1150 2449 1207 2512 pro
1222 2431 1314 2513 gulsa

270 2513 406 2596 Sertum,
425 2514 542 2597 dequo
558 2515 723 2581 coronavit
943 2516 980 2580 In
997 2533 1113 2580 corona
1127 2516 1249 2597 spinea,

270 2598 626 2680 Coputregisglorioe:
942 2597 1055 2664 Hostis
1072 2603 1257 2680 superetur:

233 2685 235 2688 ’
269 2681 349 2748 Ut‘s
362 2683 461 2764 spinis
476 2682 658 2762 liberemur,
943 2682 1090 2763 Oquolis
1106 2683 1253 2748 victorici

269 2765 401 2849 Spinum
416 2766 495 2832 serti
510 2785 706 2848 veneremur,
942 2764 1032 2841 Quue
1048 2766 1178 2832 victoris
1193 2765 1296 2847 glorio

266 2849 406 2916 Nostrae
421 2850 531 2916 dotum
548 2852 679 2934 patriae.
943 2848 1004 2925 Qui
1019 2849 1121 2934 spinis
1138 2849 1296 2915 ormotnrl
1573 2899 1574 2934 3

218 2939 246 3000 2.
269 2934 354 3000 Dum
368 2935 566 3000 immundum
581 2941 614 3000 et
629 2953 765 3018 egenum
889 2938 919 3000 4.
944 2932 1051 3014 Spinis
1066 2934 1204 3014 vincens,
1220 2951 1332 2999 cerens
1347 2933 1444 3016 spina
1573 2965 1574 2994 l

268 3018 313 3084 Et
326 3019 499 3084 immundis
520 3019 673 3085 mundum
692 3019 824 3102 plenum
942 3015 1048 3100 Spinis
1061 3019 1163 3082 victos
1179 3037 1198 3082 a
1212 3017 1306 3082 ruina
1573 3017 1574 3038 ¹

268 3101 631 3169 Mundovitocrimine:
927 3099 1007 3166 -Nos
1021 3099 1175 3167 defendat
1188 3101 1320 3184 iugiter:

268 3185 415 3254 Christus
432 3187 654 3270 spinamhuuc
674 3187 821 3267 secrevit,
944 3183 1007 3250 Per
1022 3203 1114 3270 quem
1130 3186 1215 3268 perit
1229 3185 1341 3252 mortis
1355 3185 1449 3269 spino
1573 3149 1574 3214 s

266 3270 311 3337 Et
325 3271 440 3355 spineti
455 3273 563 3353 spinos
579 3271 658 3338 levit
942 3269 1079 3335 Nostrae
1091 3271 1202 3352 spinae
1217 3269 1375 3336 medicine
1573 3317 1574 3336 .

266 3354 331 3422 Suo
347 3373 437 3422 sacro
455 3357 619 3437 sunguine.
943 3353 1009 3420 Nos
1020 3355 1121 3420 salvet
1132 3357 1324 3437 perenniter.
1349 3355 1496 3421 Alleluia.

266 3463 361 3520 Text.
398 3463 498 3520 Daniel
526 3462 561 3533 V,
591 3466 642 3522 nst
670 3476 686 3518 o
713 3461 793 3520 Miss.
821 3461 1002 3531 Strengnensi
1035 3463 1173 3534 (Luhecoe
1200 3465 1287 3536 1487).
1313 3463 1495 3533 Eccleuolor.
1573 3451 1574 3456 ¹

195 3533 305 3593 octobr.
327 3539 404 3594 1sso.
423 3553 450 3607 p.
470 3539 532 3593 sss.

745 3683 944 3696 *-

619 3823 670 3884 49.
713 3815 767 3884 De
787 3835 903 3883 corono
923 3813 1068 3882 Domini.

196 3959 222 4020 1.
244 3950 355 4017 Dulcis
370 3955 462 4018 sonet
476 3950 650 4034 harmonio,
921 3947 1040 4015 Christi
1055 3967 1162 4017 comes
1178 3954 1230 4016 est
1244 3967 1372 4030 corono,

244 4035 337 4101 Dulci
352 4035 482 4116 dignum
496 4035 636 4102 melodis
919 4034 1066 4100 Pretiosa
1081 4040 1158 4100 sunt
1171 4035 1249 4100 haec
1265 4034 1351 4101 dono

245 4121 425 4201 Pergamus
440 4123 659 4202 praeconium:
920 4119 1084 4184 Christum
1099 4117 1334 4185 confitentibus.

246 4203 300 4270 Sic
314 4209 462 4269 coutetur
478 4205 549 4269 lcus
563 4205 597 4269 in
612 4221 678 4282 ore,
868 4207 896 4268 3.
920 4203 1021 4268 Adest
1037 4221 1107 4268 cum
1124 4202 1174 4270 his
1189 4204 1320 4284 sanguis
1335 4201 1464 4283 Christi,

245 4287 292 4354 Ut
306 4289 476 4354 concordet
490 4304 562 4352 cum
578 4305 694 4354 canore
919 4287 981 4352 Per
995 4305 1090 4368 quem
1105 4287 1222 4353 mundo
1238 4289 1326 4354 venit
1340 4285 1427 4352 tristi
1573 4289 1574 4324 ³

243 4371 385 4438 Affectus
403 4371 617 4454 psallentium.
919 4369 1015 4436 Salus
1031 4378 1064 4436 et
1078 4371 1241 4437 solatium:

192 4463 222 4524 2.
246 4456 330 4522 Crux
344 4456 479 4538 insignis
492 4455 618 4538 palmae
632 4455 770 4536 signum,
917 4454 1020 4520 Penni
1035 4455 1130 4520 simul
1144 4459 1392 4538 praesententur

245 4539 362 4606 Mortis
376 4539 461 4622 ingo,
477 4541 563 4606 vitoe
578 4539 701 4622 lignum
918 4539 1049 4604 Etcum
1065 4557 1117 4605 sce
1139 4547 1191 4605 tro
1206 4541 1400 4606 comitentur

244 4625 372 4692 Nostris
386 4624 482 4692 detur
495 4623 635 4692 finibus:
920 4559 1247 4692 clavietsurfcrium.
