3210 5230
726 305 956 374 -633-

439 487 512 554 raa.
554 485 606 554 ne
632 507 658 556 s.
684 469 856 557 clarenti
883 492 1005 575 aaa
1033 497 1063 559 a
1088 497 1237 580 malae.

539 601 629 672 (desc.
647 621 684 661 sa
701 603 785 679 Lyca
803 611 864 678 177,
880 609 992 663 cerebri
1009 613 1035 664 2.
1046 607 1137 678 Just.)

213 729 240 790 1.
262 723 391 792 Laudes
406 723 583 791 Blandinae
597 744 681 794 nnnc
695 731 816 812 pangat
831 729 979 794 eeclesia:

211 813 240 873 2.
262 807 351 874 llaec
365 809 463 874 corda
476 816 587 876 nostra
602 809 729 877 Christo
745 809 844 878 faciat
857 813 1051 894 habitacula,

210 895 240 956 3.
263 891 435 973 Expellens
450 895 489 959 ab
506 894 552 960 eis
565 895 645 960 vitia
660 911 720 962 sua
735 913 792 977 per
810 897 934 962 merita.

209 981 239 1040 4.
262 975 338 1056 Ipsa
351 976 527 1058 impetrans
538 979 672 1060 spiritus
682 981 784 1045 sanati
796 980 888 1060 dona,

210 1063 239 1124 5.
262 1059 426 1128 Tenebrae
441 1059 556 1142 fugans
570 1067 746 1143 crmctaque
761 1063 938 1142 daemonia,

210 1146 238 1206 6.
261 1142 454 1210 Praeservat
467 1165 487 1211 a
502 1145 619 1227 glande
632 1148 727 1212 noxia
741 1151 775 1212 et
788 1149 899 1213 morbo
914 1144 1078 1231 pestifero,

211 1232 238 1290 7.
260 1227 353 1293 libris
368 1229 554 1312 temperiem
568 1229 660 1296 nabis
674 1229 860 1312 impetrabit
874 1247 1057 1312 congruam.

209 1314 238 1376 8.
260 1309 349 1376 Haec
362 1311 560 1378 admirabilis
574 1313 607 1378 in
621 1313 685 1378 lide
699 1311 760 1378 tuit
774 1318 807 1380 et
820 1316 854 1379 in
869 1315 1057 1394 constantia,

209 1397 238 1458 9.
261 1395 463 1478 Lumbosque
478 1398 615 1463 accinxit
629 1416 703 1463 suos
717 1397 905 1464 tortitudine
920 1398 1094 1480 praeclara.

190 1483 239 1546 10.
260 1479 349 1544 Haec
363 1486 526 1546 consortes
541 1499 615 1548 suos
629 1481 762 1548 hortans
777 1487 811 1546 et
824 1481 1011 1566 praedicans

190 1567 237 1627 11.
261 1562 312 1628 nd
326 1565 471 1646 martyrii
485 1565 683 1647 triumphum
696 1565 841 1648 instigat.

189 1650 237 1711 12.
259 1646 393 1714 Haecin
408 1665 500 1714 cruce
513 1649 638 1716 eleuata
651 1647 811 1718 ferocibus
825 1649 938 1716 bestiis
953 1649 1075 1716 tradita
1088 1653 1196 1714 manet
1209 1649 1339 1716 intacta

189 1735 237 1796 13.
259 1731 348 1798 Haec
361 1731 464 1798 Deum
479 1751 590 1799 verum
604 1733 758 1812 confessa,
774 1734 917 1816 gentium
932 1732 1009 1798 deos
1024 1733 1103 1798 dicit
1115 1749 1189 1798 esse
1202 1732 1378 1798 daemonia.

188 1818 237 1880 14.
259 1815 348 1881 Haec
362 1823 474 1882 natum
488 1835 581 1883 sunm
595 1817 763 1884 Ponticum
772 1817 865 1883 firma
877 1815 941 1882 fide
955 1817 1091 1884 munivit
1105 1817 1200 1884 simul
1214 1823 1248 1883 et
1262 1817 1397 1882 ornarit.

188 1902 236 1966 15.
259 1899 348 1966 Haec
362 1905 546 1982 peccatores
560 1904 655 1968 morti
670 1901 806 1967 traditos
821 1899 862 1967 ad
877 1901 975 1966 vitam
988 1907 1090 1981 vocat,

187 1985 236 2051 10.
258 1978 325 2049 Sibi
342 1983 474 2051 devotos
490 1990 729 2068 perseuerantes
743 2001 817 2050 rere
832 1985 982 2068 protegit.
1092 2003 1115 2057 ι

187 2071 235 2132 17.
258 2066 346 2133 Haec
360 2073 507 2135 truncato
523 2069 627 2152 capite
642 2087 709 2148 suo,
727 2069 792 2134 iam
806 2075 982 2150 martyrum
995 2069 1116 2134 residet
1128 2068 1163 2134 in
1178 2067 1282 2150 choro,

186 2153 235 2216 18.
255 2151 415 2219 Idolatras
430 2157 463 2218 et
477 2161 629 2236 tyrannos
644 2151 808 2220 confundit
822 2151 885 2220 lide
900 2171 960 2220 sua
973 2157 1006 2218 et
1020 2151 1169 2220 devincit.

187 2239 235 2300 10.
257 2234 345 2317 Ergo
360 2255 418 2302 nos
432 2237 647 2320 supplicamus
661 2237 718 2316 illi,

184 2323 234 2384 20.
259 2317 305 2384 Ut
318 2339 430 2402 preces
446 2329 571 2388 nostras
585 2321 660 2388 Iesu
675 2320 802 2385 Christo
817 2325 1012 2402 praesentet,

183 2407 234 2468 21.
257 2401 332 2470 Sine
346 2422 408 2486 quo
423 2410 498 2470 ante
512 2405 616 2471 Deum
630 2422 722 2470 cassa
736 2409 833 2486 atque
846 2405 955 2472 inania
969 2409 1045 2472 sunt
1058 2421 1157 2489 opera
1172 2409 1292 2472 nostre.

184 2489 235 2552 22.
258 2485 316 2569 Τιι,
332 2506 415 2570 quae
429 2495 606 2573 martyrum
620 2488 760 2570 refulges
775 2488 896 2568 laurea,

184 2573 235 2636 23.
257 2571 321 2637 Fac
334 2590 392 2655 per
406 2575 622 2656 poenitentiae
636 2589 765 2639 crucem
779 2576 894 2638 cuncta
908 2577 1020 2640 nostra
1035 2571 1142 2638 deleat
1156 2571 1299 2638 crimina.

185 2658 235 2719 24.
257 2656 332 2736 Ipsa
346 2655 441 2722 hodie
456 2657 693 2724 Athanatenses
707 2661 781 2721 tuas

185 2741 234 2802 25.
258 2738 439 2820 Omnesque
452 2739 684 2824 Lugdunenses
698 2741 783 2805 cives
797 2755 817 2804 a
832 2745 924 2820 peste
938 2753 1147 2820 praeservare
1162 2737 1315 2820 digneris,

185 2825 234 2888 26.
256 2821 350 2889 Hunc
364 2821 449 2890 diem
464 2823 637 2906 gloriosum
652 2823 860 2890 celebrantes.
890 2821 1040 2888 Alleluia.
1120 2885 1127 2902 ,

257 2929 350 2987 Trai.
386 2933 477 2990 Morel
486 2931 538 2990 No.
548 2935 609 2990 307.
619 2931 647 2990 S.
656 2935 711 2988 310
729 2947 798 2988 aas:
815 2931 893 2989 ldlss.
903 2931 1104 2989 athanacense.
1115 2933 1192 2988 1030.
1203 2929 1250 2986 iol.
1260 2933 1304 2985 41.
1319 2928 1484 3000 Appmdia.

666 3165 669 3173 ¹
737 3167 935 3182 *panau——

457 3421 527 3484 795.
570 3413 623 3484 Dc
644 3435 669 3481 s.
691 3411 853 3482 Dorotbsa
873 3412 997 3496 0119100
1017 3413 1047 3476 el
1066 3415 1214 3494 manyre.

185 3532 264 3604 (Geb.
284 3551 322 3591 aa
340 3533 465 3591 omum
482 3534 515 3588 s'n
532 3531 749 3602 chpadoca'an,
766 3536 835 3603 gast.
855 3529 916 3586 das.
934 3531 997 3596 304,
1015 3527 1126 3584 vercbrt
1143 3529 1168 3582 0.
1187 3523 1271 3580 Febr.
1290 3523 1318 3580 S.
1337 3521 1393 3579 No.
1407 3525 1482 3592 401.)

187 3663 215 3726 l.
241 3653 326 3722 Gens
339 3655 443 3722 fidelis
457 3653 647 3722 iocundetnr
912 3649 1123 3733 Semetipsam
1137 3647 1308 3730 abnegarit
1447 3730 1453 3744 Ι

239 3740 277 3806 In
290 3741 351 3806 hac
366 3739 417 3804 die
431 3739 621 3822 gratuletur,
912 3734 1076 3801 Christum
1087 3749 1231 3815 sequens,
1247 3747 1341 3815 quem
1351 3733 1481 3810 amarit,

173 3829 180 3856 ‘
240 3819 437 3890 Dorotheam
451 3828 623 3888 ueneratur
911 3818 1044 3884 Crucem
1059 3817 1175 3882 tollens
1190 3817 1304 3883 stolam
1318 3814 1399 3881 lauit

238 3907 333 3974 Dulci
348 3905 452 3974 cordis
466 3904 610 3973 modulo:
911 3901 949 3968 In
964 3902 1116 3968 tormenti
1132 3899 1226 3966 dolio.

238 3989 400 4057 Idalorum
414 4009 488 4056 nam
503 3990 643 4055 cultores
1443 4063 1446 4070 ¹

240 4073 364 4142 Christo
378 4075 486 4140 reddit
500 4079 533 4139 et
547 4089 673 4138 errores
855 4077 884 4138 3.
910 4065 1341 4150 sternenturduplavesta

239 4159 361 4226 Sternit
374 4155 567 4224 remittendo
582 4155 678 4222 flores
909 4152 1001 4233 Alba,
1017 4152 1166 4218 castitate
1180 4156 1273 4226 teste,

238 4240 601 4324 CaelestesTheophilo.
909 4234 1029 4315 Rubra,
1044 4235 1205 4318 passionis
1219 4237 1321 4318 peste,

908 4318 1022 4384 Vincta
1038 4318 1236 4384 diedemate:

183 4415 211 4474 2.
236 4411 335 4492 Virgo
350 4409 491 4493 prudens
506 4405 653 4489 vigilavit
907 4402 1053 4468 Palmam
1067 4421 1164 4469 manu
1179 4401 1244 4468 fert
1256 4402 1429 4480 victricem,

237 4493 280 4560 Et
294 4513 365 4561 cum
379 4512 496 4578 sponso
510 4489 713 4568 subintravit,
908 4485 1012 4568 Digne
1028 4503 1164 4568 sequens
1179 4487 1368 4552 adiutricem

237 4578 320 4644 Nam
334 4579 494 4659 sagaciter
508 4574 635 4641 ornauit
907 4570 1070 4651 Nostram,
1087 4571 1206 4636 Christi
1221 4570 1418 4652 genitricem,

235 4661 431 4748 lampadem
446 4677 518 4729 cum
533 4659 619 4725 oleo:
909 4653 1249 4736 Virginalischemate.
