3266 5222
642 323 869 408 ...rm-

113 525 163 597 33.
183 529 276 596 Anna
289 531 392 594 mater
409 525 576 607 Samuelis,
785 532 836 594 35.
855 523 941 609 Ergo
957 521 1063 592 Mater
1077 520 1152 593 Iesu
1167 516 1297 603 Christi,

181 615 337 694 Annsque
351 611 480 692 Tobiae,
854 611 990 693 Propter
1005 628 1132 694 poenas,
1148 627 1229 691 quas
1244 609 1348 676 tulisti

180 697 223 762 Et
237 695 349 762 Noemi
365 699 397 762 et
411 695 567 773 Rachelis
853 695 915 760 Pro
931 701 986 761 tuo
1001 695 1084 760 dulci
1100 695 1191 773 Filio,

100 823 105 836 ·
181 781 215 847 Si
230 781 397 845 credamus
413 779 603 858 Hieremiae,
784 783 833 844 36.
853 779 928 859 Des,
947 787 983 845 ut
997 783 1102 845 tecum
1117 778 1168 844 hic
1183 777 1354 861 ploremus,

180 865 349 930 Plancfant
363 882 433 929 cum
449 864 607 947 lacrymis,
854 863 897 928 Et
912 882 966 928 cor
981 867 1123 930 nostrum
1139 861 1336 945 perforemus

854 945 1089 1028 compassionis
1104 947 1221 1029 gladio.

785 1036 834 1096 37.
853 1030 914 1112 Sic,
932 1049 950 1096 ο
965 1031 1064 1112 Virgo
1080 1031 1236 1110 dolorosa,

112 1123 161 1185 34.
180 1115 243 1182 Sed
259 1117 300 1182 sd
315 1117 473 1197 lacrymas
488 1133 614 1182 emeras
854 1115 917 1180 Fac
932 1134 989 1180 nos
1004 1121 1108 1180 tecum
1123 1115 1301 1198 lacrymosa

180 1201 322 1281 Virginis
336 1199 466 1278 Mariae,
855 1197 980 1264 Senfire
996 1199 1141 1281 suspiria,

180 1283 295 1351 Matris
311 1283 431 1349 Christi
446 1281 585 1349 crucifixi
784 1288 833 1350 38.
853 1281 899 1348 Ut
912 1289 986 1364 post
999 1284 1098 1349 vitam
1113 1281 1272 1348 infelicem

181 1369 321 1448 Verique
336 1367 483 1448 Messias,
853 1367 1035 1432 Habeamus
1050 1372 1083 1432 te
1098 1367 1271 1433 ductricem

180 1452 252 1520 Non
268 1457 339 1518 erat
352 1453 500 1535 planctus
515 1451 636 1517 similis.
853 1451 904 1516 nd
918 1457 1048 1518 aeterno
1062 1451 1189 1533 gaudia.
1218 1451 1329 1518 Amen.

181 1575 206 1614 a.
225 1558 320 1614 Text.
357 1559 444 1614 Neale
463 1575 488 1628 p.
508 1561 550 1614 87.
570 1573 586 1612 e
605 1559 683 1614 Miss.
701 1557 850 1613 Leodiensi
872 1561 948 1614 1513.
974 1592 1006 1602 -
1031 1559 1130 1615 Daniel
1150 1559 1183 1628 V,
1205 1562 1263 1615 187.
1288 1561 1339 1616 frat
1358 1561 1409 1616 dea

111 1629 181 1686 Tecf
200 1647 253 1686 aas
270 1631 367 1700 Neale,
386 1631 453 1685 aher
469 1646 561 1700 panau
578 1630 651 1684 oracla
669 1631 730 1684 dem
747 1631 825 1686 Miss.

180 1718 206 1772 b.
226 1717 411 1772 Lccarfea.
449 1721 474 1772 5.
502 1717 554 1772 Vel
582 1718 651 1772 ista
678 1717 761 1771 dehet
780 1717 887 1784 abesse,
915 1717 958 1772 vel
981 1717 1010 1772 in
1029 1719 1154 1788 proximo
1172 1733 1254 1776 versu
1273 1726 1337 1790 post
1356 1737 1409 1775 un·

110 1805 208 1858 quam
227 1787 383 1844 addendum
403 1789 495 1845 estin
515 1796 557 1843 te.
577 1787 672 1844 Noale.
708 1788 809 1844 Daniel
827 1789 887 1842 will
904 1790 993 1845 tristis
1012 1791 1165 1860 auslossea,
1184 1790 1304 1846 Bartsch
1323 1791 1410 1850 dulcis

104 1861 160 1927 seir
177 1860 336 1916 dulcissime
355 1861 436 1915 lesen.
449 1891 483 1900 -
495 1864 520 1914 7.
540 1861 624 1914 Liber
642 1867 740 1916 contra
757 1867 875 1915 mamam
894 1869 963 1915 aut.
974 1891 1007 1902 -
1020 1865 1061 1929 12,
1082 1866 1106 1917 3.
1126 1862 1208 1917 debet
1225 1863 1306 1917 metri
1325 1879 1410 1918 causa

110 1939 165 1988 est
183 1932 290 1988 abesse.
310 1932 405 1987 Neele.
443 1963 476 1973 —
516 1935 556 1987 17.
586 1931 639 1999 Qui
657 1937 811 2000 sequuntur
831 1938 949 1999 quatuor
968 1947 1065 1988 versus
1083 1935 1299 2003 corruptissime,
1318 1935 1410 2002 quoad

109 2002 324 2070 distinctionem,
343 2001 481 2072 leguntur.
499 2002 595 2058 Neale.
615 2032 649 2044 —
670 2006 711 2058 13.
730 2002 809 2058 omisi
827 2017 890 2057 neo
908 2019 975 2058 non
993 2005 1074 2058 metri
1093 2019 1185 2060 causa.
1205 2005 1301 2060 Neale.
1321 2009 1409 2060 -22,

109 2079 138 2128 et
156 2074 254 2143 plagas
271 2075 332 2129 eofll
349 2075 449 2129 Daniel
468 2075 549 2129 lesen.
569 2103 600 2114 -
621 2077 664 2128 23.
683 2075 768 2129 Liber
787 2073 934 2128 stillans
954 2081 990 2128 ut
1008 2091 1069 2131 nos
1088 2075 1265 2146 lacrymas.
1303 2076 1409 2132 Eleon-

109 2145 215 2200 ieetura
233 2144 350 2214 correxi,
369 2152 400 2198 ut
419 2151 446 2200 et
464 2151 551 2200 metro
570 2151 599 2200 ct
617 2147 710 2200 sensui
730 2144 927 2202 satisfacerem.
965 2147 1060 2202 Neale.

180 2249 202 2286 c.
220 2231 378 2288 Bemcrlt.
415 2232 491 2298 „Die
518 2231 642 2300 Sequens
668 2233 707 2286 ist
734 2247 812 2286 esaar
839 2233 870 2286 fn
897 2233 1096 2304 rnanrsfcfafaela
1118 2234 1315 2304 weehsefadeo,
1343 2237 1410 2292 eber

109 2303 180 2358 doeh
197 2303 278 2358 meist
297 2301 820 2374 repelnrhssfpenRhytlrmenverfasst,
839 2305 1271 2362 wic-cottdieProsaoctretton
1299 2307 1411 2364 Neale’s

108 2375 168 2430 and
184 2375 308 2432 Daniel’s
327 2375 386 2429 dies
404 2376 482 2429 nieht
499 2376 580 2445 eefpt.
617 2373 679 2428 Der
698 2381 770 2430 erote
788 2373 1003 2444 Dopprfcbscta
1022 2379 1059 2444 (1.
1072 2380 1111 2446 2.)
1130 2379 1162 2430 in
1180 2378 1230 2432 der
1283 2379 1333 2432 itte
1351 2380 1411 2434 aad

109 2463 155 2500 am
172 2444 256 2500 Eode
271 2447 387 2516 yereimt
406 2447 552 2516 (lacrymas
572 2466 578 2499 :
596 2446 922 2516 redempfazmaculss
942 2467 948 2501 ε
968 2450 1093 2516 cruenta)
1110 2449 1149 2504 ist
1162 2449 1410 2522 fasrefcaRhyth·

107 2533 183 2585 mera·
203 2517 280 2572 dana
298 2519 365 2573 aber
383 2517 508 2572 hommes
525 2517 695 2588 sehnsilhipe
717 2517 809 2586 Verte,
837 2521 889 2574 mit
915 2520 964 2574 der
982 2521 1195 2592 repelmassipen
1221 2521 1312 2577 Casus·
1338 2523 1411 2579 noch

109 2589 159 2644 der
177 2590 283 2644 alerien
302 2589 384 2644 Sitne.
422 2593 446 2643 3.
466 2592 491 2643 4.
511 2589 577 2644 sind
594 2606 631 2644 eu
648 2591 806 2644 schrefben:

458 2675 545 2746 Sputa
564 2677 657 2732 clavos
757 2683 841 2746 atquc
861 2677 981 2734 ludibria

457 2747 553 2818 spinas
572 2748 637 2802 tulit
759 2755 787 2803 et
805 2764 889 2804 saeva
911 2751 1032 2806 verbero.

457 2819 550 2874 Mater
568 2832 684 2874 cernens
756 2827 837 2876 tanta
855 2822 993 2891 supplicia

459 2891 508 2946 flet
525 2891 686 2960 discerpens
758 2899 855 2962 pectus
874 2900 903 2948 et
920 2895 1013 2949 ubera.

163 2975 226 3032 Der
244 2979 352 3034 Adeste
370 2981 395 3032 5.
415 2981 440 3032 6.
458 2978 509 3032 hof
527 2978 558 3032 in
571 2977 652 3046 jeder
670 2977 770 3046 deffe
790 2979 852 3034 ἄνοι’
869 2979 976 3034 sofolcr
989 2981 1088 3036 Vcrsc:
1113 2983 1144 3035 fa
1170 2984 1188 3035 6
1213 2981 1253 3036 ist
1276 2997 1314 3036 ea
1336 2981 1410 3034 lesen

109 3048 148 3103 fili
167 3049 255 3106 dulcis
267 3050 321 3118 sftr
338 3049 378 3104 fili
397 3047 562 3106 dulcissime.
586 3047 767 3103 Verwandfer
785 3049 943 3122 Rhythmus
962 3051 1089 3106 lter-recht
1106 3053 1138 3106 io
1157 3056 1180 3105 7.
1191 3057 1217 3119 8,
1237 3053 1305 3108 aber
1318 3051 1409 3107 dieser

106 3121 159 3176 acie
179 3121 224 3174 dfe
237 3121 389 3210 folqcnden
407 3121 473 3175 sind
490 3121 566 3176 mehr
583 3122 623 3173 fta
641 3121 717 3175 alten
735 3121 814 3176 Scire.
851 3123 1037 3176 Troctcesetc
1061 3121 1218 3193 Rhyflrmcn
1241 3141 1296 3178 oon
1323 3124 1408 3194 repel-

106 3193 244 3262 mdssfpcr
262 3191 350 3246 herm
369 3193 502 3262 cepionem
520 3193 572 3245 mit
590 3196 633 3246 11.
652 3193 695 3244 12.
715 3195 756 3245 13.
776 3195 819 3244 14.
856 3193 918 3246 Aue
944 3195 1093 3262 percientes
1120 3195 1195 3248 33133-
1221 3195 1280 3250 and
1303 3195 1407 3250 sieben·

107 3261 226 3334 silhipen
245 3264 405 3333 derectipen
428 3262 529 3318 Versen
548 3263 674 3318 besfelmn
692 3263 737 3317 die
756 3263 920 3317 Absefrm'tfe
947 3268 990 3318 17.
1018 3269 1061 3320 18.
1088 3269 1131 3318 32.
1159 3267 1202 3319 33.
1226 3270 1269 3320 34.
1294 3269 1336 3320 37.
1362 3269 1406 3330 38,

106 3333 242 3389 methema
257 3337 372 3388 26-31.
391 3337 434 3388 35.
454 3338 496 3390 36.
524 3351 577 3390 aas
596 3334 771 3402 jombt'schen
794 3335 853 3390 ond
877 3335 1071 3390 froclret'a'sclsea
1090 3336 1249 3407 Rhyflrmera
1273 3336 1406 3408 pemiscflt

106 3405 201 3460 sind.“
236 3405 355 3462 Bartsch
373 3406 401 3461 S.
420 3410 480 3460 171.

657 3635 856 3644 »affl

531 3834 602 3896 230.
646 3829 698 3897 De
718 3838 831 3898 saaca
852 3827 977 3896 Mario.

108 3965 135 4031 1.
159 3966 227 4031 Ave
240 3961 378 4030 candens
392 3961 503 4041 lilium,
779 3969 808 4032 3.
833 3965 934 4031 Maris
949 3965 1053 4045 stella,

159 4049 250 4132 virgo
265 4065 380 4132 parens
397 4049 489 4114 enixa
503 4048 612 4115 filium.
833 4049 923 4116 verbi
938 4049 1027 4131 cella,

832 4137 928 4214 porta
946 4134 1020 4215 poli,

833 4235 910 4282 vero
926 4217 986 4282 soli

105 4305 134 4366 2.
160 4299 227 4366 Ave
243 4303 345 4365 mater
360 4299 496 4378 luminis,
832 4319 889 4408 per
903 4319 998 4382 quam
1014 4300 1065 4366 via
1079 4299 1191 4383 patuit.

159 4383 311 4467 templum
326 4385 475 4462 numinis,
837 4384 881 4448 lu
895 4383 982 4450 fideli

158 4469 267 4533 nutrix
281 4469 395 4534 summi
411 4467 539 4533 domini.
831 4469 1020 4548 scalacoeli,

157 4551 207 4618 Ex
222 4569 285 4634 qua
298 4553 385 4619 solus
401 4553 511 4633 oritur,
831 4557 867 4617 fu
883 4558 1050 4634 secretum,

156 4655 215 4720 per
230 4653 324 4718 quam
339 4637 433 4718 culpa
449 4634 593 4718 moritur,
830 4654 892 4718 quo
910 4637 1053 4719 quietum

157 4738 231 4806 spes
245 4721 376 4789 refloret
389 4721 517 4788 homini.
830 4737 939 4788 semen
953 4719 1033 4787 illud
1047 4719 1152 4788 latuit.
