3234 5246
629 309 857 372 -413-

82 497 118 556 9.
154 488 242 569 Ergo
257 487 317 554 hoc
332 493 462 556 sanctus
478 489 648 557 Conlessor
817 489 872 572 *Ut
887 491 1047 556 coelorum
1062 491 1104 556 sit
1119 507 1296 574 possessor,

151 571 204 638 Sit
217 592 274 655 pro
290 573 381 641 nobis
397 574 587 640 intercessor
827 575 900 640 Loci
915 575 1060 656 quisquis
1076 583 1124 641 est
1139 593 1311 654 successor,

150 657 247 738 Apud
262 657 365 724 Deum
380 659 500 724 carius:
826 659 870 724 Ut
885 659 1016 724 Proesul
1033 659 1186 726 Hilarius.

165 763 258 820 Text.
295 767 395 822 Daniel
414 767 449 835 ll,
469 771 522 822 225
541 785 575 823 ex
594 769 655 824 Act.
676 771 839 823 Sanctorum
857 767 916 822 Inn.
937 768 1013 822 Tom.
1034 769 1069 822 ll.
1098 769 1220 823 Praelut.
1240 767 1394 822 LXXXIII.

648 947 838 956 -u-—n——n

371 1071 440 1133 609.
484 1070 535 1134 Dc
556 1088 581 1132 s.
606 1067 731 1150 lucratio
753 1070 896 1149 episcopo
917 1072 944 1132 et
966 1071 1115 1150 neumare.

88 1183 231 1252 (Biochos
246 1183 278 1237 iu
295 1182 458 1252 Antiochia,
486 1187 566 1240 storh
592 1187 634 1312 mh
649 1185 722 1311 four
745 1185 1014 1324 Impflffssmmd
1038 1200 1084 1238 am
1101 1187 1144 1239 20.
1165 1185 1234 1240 Dea.
1256 1192 1316 1254 107,
1336 1205 1393 1244 ver·

602 1274 651 1311 er
682 1275 727 1312 om
765 1298 770 1311 .
818 1273 832 1310 e
868 1297 873 1310 .

94 1387 124 1446 l.
151 1379 191 1444 In
205 1377 265 1442 hoc
279 1375 360 1442 tosto
375 1375 470 1442 corde
486 1383 612 1459 praesto
770 1384 798 1444 5.
825 1377 885 1442 Hic
900 1378 1029 1460 ligatus,
1045 1383 1221 1458 catenatus,

152 1459 606 1540 Exultenmslaudesdcmus
824 1463 947 1528 Ductus
963 1463 1236 1528 duresacvoiurc

153 1545 498 1626 DomInopcromnia:
823 1547 956 1612 Romam
973 1546 1084 1611 stricto
1100 1547 1229 1613 habitu:

153 1630 241 1694 Gens
256 1647 373 1706 amore,
389 1630 441 1712 pio
457 1647 556 1710 more,
824 1631 903 1710 lgna
917 1631 1035 1708 laesus,
1050 1629 1134 1695 lerro
1150 1649 1269 1712 caesus,

153 1714 233 1778 Vult
248 1713 390 1792 laudare,
406 1713 566 1780 celebrare
825 1715 931 1794 Fame,
949 1715 1012 1792 siti,
1028 1717 1142 1793 tortus,
1159 1715 1228 1780 miti

153 1798 284 1864 Festina
298 1797 449 1862 solennia.
823 1797 1149 1880 Teloventespiritu.

94 1883 124 1947 2.
152 1882 224 1947 Non
237 1881 377 1962 indigne,
395 1881 452 1946 sed
467 1881 602 1963 benigne
769 1887 796 1947 6.
823 1881 1013 1960 (trucidaris,
1030 1883 1087 1948 sed
1101 1883 1234 1952 laetaris

153 1967 245 2032 Nunc
260 1965 402 2030 laudaris
419 1969 451 2030 et
465 1968 591 2047 amaris,
824 1967 975 2032 Passi0nc
990 1967 1022 2030 in
1038 1986 1139 2048 agone

154 2049 181 2116 Ο
196 2057 318 2132 martyr
333 2049 548 2114 sanctissimo:
824 2051 942 2116 Christi
960 2055 1063 2115 certas
1079 2050 1221 2116 nomine:

152 2132 203 2198 Ad
218 2138 358 2199 tortores
373 2135 534 2199 saeviores
823 2134 1018 2214 vulneraris,
1035 2134 1218 2200 confricatis

151 2217 333 2296 Accessisti,
350 2218 403 2299 qui
418 2217 522 2282 vicisti
823 2218 896 2284 Sale
911 2219 989 2300 spei,
1007 2219 1085 2283 dicis
1100 2219 1162 2282 mci

153 2301 325 2367 Tormenta
339 2299 520 2367 fortissime.
823 2303 978 2368 Miserere
993 2301 1137 2366 Domine.

96 2385 125 2445 3.
153 2384 232 2450 Cum
248 2385 377 2450 Traiani
392 2385 546 2450 malesani
768 2389 797 2446 7.
824 2387 1003 2467 Iugulatus,
1018 2387 1096 2452 ieris
1112 2386 1217 2465 datus,

151 2470 236 2534 Deos
252 2487 350 2534 vanos
364 2474 397 2534 et
412 2469 593 2552 prophanus
823 2471 928 2536 Morte
944 2469 1030 2536 cedis
1046 2477 1079 2534 et
1094 2469 1204 2535 obedis

151 2555 277 2620 IudIcas
294 2557 328 2618 tu
344 2553 479 2634 despici:
823 2553 943 2619 Christi
959 2555 1141 2636 evangelio:

151 2639 188 2702 In
204 2656 311 2702 amoro
326 2635 463 2702 ferviore
824 2637 987 2703 Christum
1002 2643 1092 2703 tutus
1109 2656 1143 2703 es
1158 2643 1286 2703 secutus

153 2719 272 2786 Christi
287 2738 362 2786 vere
376 2721 425 2785 ris
441 2738 571 2786 manere
822 2721 938 2787 Passus
952 2729 1086 2789 martem
1101 2722 1216 2788 bonam
1232 2728 1356 2803 partem

153 2804 195 2870 at
209 2811 241 2870 te
257 2805 368 2888 poenis
383 2805 506 2871 subiici.
824 2806 996 2887 acquisisti
1011 2807 1142 2888 proelio.

99 2887 127 2944 4.
155 2886 227 2954 Urit
240 2889 289 2954 Ira
303 2895 361 2954 tua
376 2888 447 2954 dira
767 2887 796 2947 8.
822 2890 854 2954 S.
870 2889 985 2970 Ignoti,
1001 2891 1048 2954 tui
1063 2889 1122 2955 fati

154 2972 517 3038 OTraiancinhumane
822 2973 971 3052 Preciosi‚
988 2974 1136 3040 luminosi

153 3056 284 3139 Proprio
300 3057 447 3122 exuitio:
822 3057 932 3124 Dulcis
948 3058 1181 3125 estmemoria:

150 3139 301 3206 Sanctum
317 3139 436 3206 Christi
451 3139 506 3222 qui
521 3139 644 3206 iussisti
822 3141 889 3206 Nos
905 3146 1061 3221 natantes,
1077 3140 1270 3208 fluctuantes

149 3225 327 3306 Flagellum,
344 3225 478 3290 cruciari
821 3226 859 3290 ln
874 3225 933 3290 hoc
948 3225 1066 3290 mundo
1081 3225 1251 3289 furibundo

151 3308 255 3374 Nimio
270 3309 434 3392 supplicio.
821 3309 891 3374 Duc
906 3328 968 3392 quo
984 3311 1105 3390 gaudes
1121 3309 1231 3390 gloria.

163 3432 188 3470 5.
207 3414 300 3472 Text.
336 3417 415 3474 Miss.
433 3417 558 3486 Mogunt.
579 3418 648 3471 1507
667 3417 720 3486 (A).
748 3447 782 3457 -
810 3417 897 3472 Neale
916 3435 943 3488 p.
965 3421 1023 3473 102.
1043 3434 1058 3472 c
1076 3418 1155 3472 Miss.
1174 3417 1299 3485 Mogont.
1322 3419 1389 3472 1513

96 3485 143 3556 (B).
162 3517 195 3528 --
213 3488 315 3543 Daniel
334 3488 367 3558 V,
385 3491 438 3544 237
457 3489 507 3544 hat
526 3489 578 3542 den
596 3487 667 3542 Text
685 3505 737 3542 aas
760 3488 855 3544 Ncale.

161 3575 187 3630 b.
206 3573 391 3631 Leoarteu.
429 3579 454 3645 2,
474 3578 498 3630 5.
517 3577 565 3630 Ac.
584 3593 646 3630 cum
665 3577 695 3630 B.
708 3605 742 3616 —
754 3580 778 3644 5,
801 3581 823 3630 l.
842 3577 907 3631 mali
926 3578 988 3632 sani
1007 3577 1073 3644 AB„
1093 3575 1226 3630 malesani
1245 3574 1340 3628 Neale.
1356 3603 1390 3614 -

96 3649 120 3711 l,
137 3649 161 3700 4.
181 3648 245 3702 Chr.
264 3663 326 3702 eum
345 3648 456 3716 B.-6‚
477 3651 500 3702 1.
519 3646 680 3702 TrucidarIs
700 3662 721 3702 s.
742 3648 759 3701 l.
778 3647 811 3702 in
830 3663 928 3718 agone,
947 3649 1079 3717 passione
1099 3647 1162 3702 Chr.
1182 3652 1292 3702 certans
1311 3645 1341 3698 B.
1356 3673 1389 3685 -

98 3721 120 3784 6,
139 3721 162 3773 5.
182 3717 233 3773 dic.
252 3719 312 3773 mis.
332 3719 385 3774 mci
403 3719 483 3773 Donn.
502 3717 532 3772 B.
553 3747 585 3758 -
605 3721 630 3786 7,
649 3721 674 3774 2.
692 3719 778 3774 Morti
796 3717 827 3772 B.
847 3749 881 3758 —
901 3723 926 3785 7,
946 3723 971 3774 5.
991 3721 1027 3774 So
1046 3719 1142 3774 Nealc.
1159 3719 1188 3772 P.
1208 3725 1323 3772 mortem
1343 3717 1390 3771 bo-

96 3803 155 3843 nam
172 3805 233 3858 acq.
252 3789 309 3844 AB.
329 3819 363 3830 -
381 3791 407 3859 8,
428 3793 452 3844 1.
472 3787 578 3858 signati
596 3789 652 3844 AB.
672 3789 689 3844 i.
709 3805 732 3845 5.
752 3791 778 3844 S.
797 3789 897 3860 Ignoti
916 3791 996 3862 (Iam)
1014 3791 1120 3860 signati
1138 3789 1235 3846 Nccle.

351 4072 421 4134 610.
464 4065 517 4132 De
537 4087 563 4132 s.
587 4067 743 4134 Ianuario
765 4073 908 4152 55555555
930 4077 959 4136 ct
979 4077 1128 4154 martyre.

96 4187 224 4256 (Biachos
238 4203 292 4244 nou
310 4185 461 4252 Beaeaeut,
480 4187 560 4240 stari>
580 4187 633 4241 den
650 4187 848 4260 Martyrertori
865 4191 904 4244 r'm
922 4188 950 4244 J.
968 4193 1031 4256 205,
1059 4189 1168 4244 uerchrt
1186 4204 1232 4243 om
1250 4189 1294 4241 19.
1313 4185 1388 4256 Sept.

456 4256 568 4314 Patron
595 4259 644 4313 cler
671 4257 777 4316 Kr‘rche
803 4277 841 4316 aa
866 4259 1020 4330 Rheincu.)

497 4364 614 4434 (Auctor
633 4369 675 4421 est
693 4365 802 4422 Nother
820 4367 974 4440 Balbulus.)

117 4491 141 4551 1.
161 4485 285 4567 Pangat
298 4486 450 4569 hymnum
464 4487 634 4568 Augiensis
648 4488 753 4554 insula
767 4493 943 4572 martyrum
958 4489 1063 4573 plena,

115 4574 141 4634 2.
161 4568 248 4646 Quae
262 4571 399 4635 maximo
413 4570 508 4637 hodic
523 4571 640 4654 gaudio
656 4577 791 4654 compta,

116 4661 142 4723 3.
162 4652 240 4720 Cum
255 4655 332 4720 colit
345 4655 460 4722 rubras
475 4657 691 4740 praesentium
707 4657 838 4724 testium
852 4655 969 4736 lauros,
