3266 5222
756 319 987 384 —254-

249 503 277 565 6.
294 499 353 566 Est
367 499 497 567 coelesti
512 499 736 583 praesignatus

295 585 431 650 Ioannes
446 585 584 664 oraculo,

296 668 338 733 Et
353 669 393 734 ab
408 670 478 750 ipso
493 671 764 751 praemonstratus

301 751 390 816 Uteri
405 753 549 818 latibulo.

249 837 277 896 7.
297 834 388 910 Quod
402 841 508 902 aetate
523 841 728 918 praematura

297 920 402 984 Datur
418 919 539 996 haeres,
555 919 588 983 id
602 919 705 999 ligura

298 1003 390 1078 Quod
405 1001 594 1066 infoecunda

297 1085 368 1164 Diu,
385 1103 508 1168 parens,
525 1103 577 1149 res
593 1083 760 1166 profunda.

249 1169 278 1230 8.
299 1169 417 1235 Contra
432 1169 536 1234 carnis
550 1169 679 1250 quidem
693 1171 764 1233 iura

298 1254 432 1318 Ioannes
448 1253 528 1318 haee
542 1253 691 1333 genitura

298 1337 408 1400 'Falern
423 1337 529 1418 gratia

297 1421 428 1485 Portum
444 1419 569 1496 format,
586 1439 647 1484 non
663 1424 788 1483 natura.

251 1503 279 1564 9.
302 1505 380 1568 Alvo
396 1504 498 1568 Deum
515 1503 602 1584 virgo
618 1502 747 1582 claudit,

299 1589 413 1654 Clauso
429 1589 556 1652 clausus
572 1588 622 1651 bic
637 1587 804 1669 applaudit

300 1673 348 1736 lle
363 1671 482 1737 ventris
498 1673 661 1752 angustia:

300 1759 423 1837 lignum
439 1758 595 1820 monstrat
609 1755 641 1819 in
661 1760 771 1836 aperto

299 1843 367 1906 Vox
383 1840 551 1904 clamantis
565 1839 598 1903 in
618 1839 755 1916 deserto,

299 1923 370 1988 Vox
386 1923 484 1988 Verbi
502 1923 705 2003 praenuncia.

233 2002 280 2072 10.
300 2007 423 2072 duleus
438 2007 510 2085 tide,
525 2007 623 2071 verbo
640 2007 756 2083 lucane,

299 2091 343 2154 Et
357 2092 397 2154 ad
413 2107 518 2155 voram
534 2091 637 2154 luceru
653 2089 772 2154 ducens

300 2172 403 2238 Multa
418 2173 510 2238 docet
524 2174 637 2237 millia:
694 2179 697 2187 '

301 2257 370 2321 Non
386 2257 440 2320 lux
455 2257 525 2336 iste,
542 2257 598 2320 sed
614 2255 751 2335 lucerna,

301 2341 446 2404 Christus
462 2357 536 2405 vero
552 2341 606 2404 lux
621 2343 760 2416 aeterna,

301 2424 370 2486 Lux
384 2423 550 2489 illustrans
566 2425 680 2488 omnia.

901 503 948 564 11.
970 495 1102 562 cilicina
1116 499 1222 562 tectus
1236 497 1335 575 veste,

968 581 1067 646 Pellis
1082 580 1204 646 cinctus
1220 579 1409 661 strophium,

969 665 1048 730 Cum
1062 664 1192 730 locustis
1207 663 1269 729 mel
1284 663 1432 728 silvestre

968 749 1112 830 Sumpsit
1126 749 1159 812 in
1174 749 1324 812 edulium.

901 837 949 896 12.
968 835 1153 898 Attestante
1173 831 1233 896 sibi
1249 831 1374 895 Christo

967 918 1039 981 Non
1055 917 1193 980 surrexit
1206 917 1308 979 maior
1321 915 1384 979 isto

967 1001 1071 1066 Natus
1087 1001 1127 1064 de
1141 999 1290 1064 muliere:

967 1085 1044 1148 Sese
1059 1082 1202 1148 Christus
1217 1083 1264 1148 sic
1278 1081 1409 1163 excepit,
1534 1108 1550 1124 κ

968 1166 1028 1242 Qui
1044 1166 1083 1230 de
1099 1185 1194 1232 carne
1208 1183 1335 1232 carnem
1351 1166 1436 1246 cepit

969 1251 1044 1316 Sine
1058 1251 1163 1315 earnis
1178 1267 1284 1332 opere.

901 1334 949 1396 13.
969 1334 1093 1416 Martyr
1108 1335 1177 1410 Dei,
1197 1335 1273 1398 licet
1285 1334 1334 1398 rei

969 1419 1083 1495 Simus,
1098 1435 1156 1482 nee
1170 1418 1277 1482 idonei

971 1501 1059 1566 Tuae
1072 1501 1170 1577 laudi,

970 1583 1014 1648 Te
1030 1583 1198 1650 laudantes
1214 1589 1247 1648 et
1262 1589 1426 1666 sperantes

970 1669 1018 1732 lle
1034 1675 1090 1732 tua
1105 1667 1272 1732 clementia

970 1753 1036 1816 Nos
1052 1751 1177 1816 eraudi.

903 1845 950 1904 14.
969 1835 1037 1901 Tuo
1053 1837 1145 1902 nobis
1160 1835 1193 1900 in
1209 1836 1317 1900 natale

968 1919 1018 1985 Da
1031 1921 1223 2000 promissum
1238 1917 1400 1999 gaudium,

970 2003 1037 2069 Neo
1051 2021 1109 2068 nos
1124 2003 1228 2068 minus
1242 1999 1435 2082 triumphale

971 2088 1117 2152 Delectat
1130 2087 1327 2169 martyrium.

905 2177 951 2238 15.
972 2169 1171 2236 Veneremur
1186 2176 1219 2236 et
1237 2169 1390 2234 miramm·

972 2256 1010 2320 ln
1025 2261 1058 2320 te
1073 2259 1123 2320 tot
1137 2254 1298 2337 mysteria,

972 2339 1035 2402 Per
1049 2345 1082 2404 te
1096 2337 1159 2403 irai
1176 2337 1321 2402 Christus
1334 2335 1384 2399 sui

973 2424 1037 2487 Det
1051 2421 1144 2487 nobis
1159 2420 1351 2502 praesentia.
1377 2421 1490 2482 Amen.

301 2531 395 2586 Teat.
434 2531 565 2588 Glichtov.
585 2531 632 2600 lV,
653 2533 713 2586 199.
734 2561 767 2570 -
787 2530 888 2586 Daniel
906 2529 942 2598 11,
960 2533 1004 2584 81.
1022 2531 1074 2585 bat
1092 2529 1138 2584 die
1155 2533 1180 2581 1.
1199 2527 1327 2596 Stroplre.

494 2759 564 2820 354.
608 2755 650 2820 Ia
671 2755 872 2822 decollatione
892 2775 918 2821 s.
942 2753 1075 2820 Ioannis
1096 2751 1277 2838 Baptistae.

614 2875 731 2943 (Auctor
749 2880 793 2930 est
810 2873 899 2930 Adam
918 2873 953 2929 de
973 2875 1000 2929 S⁴
1020 2873 1153 2940 Victore.)

235 3001 262 3060 1.
289 2993 533 3058 Praeeursorern
549 2996 664 3060 summi
678 2995 763 3078 regis

289 3077 333 3141 Et
347 3094 532 3158 praeconem
549 3096 649 3143 novae
664 3081 744 3161 legis

291 3161 440 3226 Celebrat
456 3162 605 3227 ecclesia:

290 3247 326 3311 ln
344 3245 403 3309 bac
417 3245 487 3309 luco
503 3253 567 3310 tam
584 3244 699 3311 festiva

291 3329 412 3406 Gaude,
430 3332 539 3409 mater,
559 3335 591 3396 et
605 3331 712 3396 votiva

291 3413 449 3494 Depronre
464 3415 641 3494 praeconia.
700 3489 704 3498 Ι

235 3497 263 3558 2.
289 3496 393 3560 Huius
409 3501 513 3560 ortum
530 3515 724 3576 veneremur,

290 3579 353 3644 Sed
368 3596 427 3643 nec
441 3581 545 3644 miuus
561 3581 755 3647 delectemur

290 3666 327 3728 ln
343 3663 411 3726 eius
427 3666 596 3745 martyrio:

290 3747 389 3811 'sotus
403 3746 540 3810 mundus
556 3747 598 3812 111
615 3746 778 3828 11111111,

290 3829 376 3893 Nulli
392 3834 513 3910 martyr
527 3829 578 3894 hic
593 3831 750 3896 sccundus

292 3913 418 3977 Virtute
433 3913 483 3977 vel
498 3913 646 3995 praemio.

235 3995 264 4056 3.
290 3998 361 4062 Non
377 4003 428 4062 est
443 4005 571 4062 nostrae
587 3997 756 4080 parvitatis

290 4082 402 4145 Virum
418 4086 526 4146 tentae
541 4082 707 4163 dignitatis

291 4163 437 4228 Laudare
451 4183 508 4246 per
524 4168 646 4231 omnia:

291 4247 422 4311 Summa
435 4249 481 4312 rei
496 4251 659 4328 recitetur,

290 4328 337 4392 Ut
351 4329 484 4395 11111111
500 4333 654 4397 excitetur

290 4414 339 4478 Er
354 4414 422 4478 eins
437 4418 596 4480 momoria.

236 4493 265 4554 4.
292 4497 360 4562 Nou
378 4499 500 4562 artando
517 4499 663 4577 levitatis

291 4581 354 4646 Sed
370 4581 516 4647 columne
530 4581 699 4657 firmitatis,

292 4665 389 4732 Nulla
402 4667 514 4750 palpat
529 4667 674 4732 crimina:

964 2993 1091 3061 Scribas
1106 2993 1211 3074 tangit
1225 2995 1258 3057 ct
1272 2991 1428 3070 doctores

962 3079 1087 3144 Vocans
1103 3077 1182 3158 legis
1197 3082 1450 3157 transgressores

961 3161 1099 3242 Viperae
1114 3159 1282 3242 genimina.

909 3251 937 3311 5.
962 3247 1126 3325 Arguebat
1140 3242 1190 3308 bie
1205 3241 1375 3322 Herodem,

963 3329 1028 3394 Nec
1042 3332 1183 3394 terretur
1197 3327 1237 3390 ab
1252 3327 1373 3402 eodem,

963 3413 1095 3494 Ligatus
1110 3412 1143 3476 iu
1158 3427 1301 3476 earcere:

963 3497 1040 3560 Fert
1053 3496 1171 3560 iniuste
1186 3495 1290 3560 iustus
1306 3511 1450 3576 poenam,

962 3581 1041 3645 Rern
1058 3579 1223 3644 detestans
1238 3585 1305 3642 tam
1322 3579 1513 3643 obscoenam

962 3663 1060 3743 Regis
1075 3667 1108 3726 11
1122 3661 1297 3726 adulterae.

908 3743 937 3802 6.
964 3745 1072 3810 Saevit
1086 3745 1119 3809 in
1134 3746 1218 3811 bunc
1233 3746 1280 3811 vis
1295 3745 1433 3826 tyranni,
1512 3813 1516 3820 ,

962 3829 1048 3895 Laus
1063 3831 1199 3895 accessit
1214 3829 1287 3894 hine
1301 3828 1444 3905 Iohanni,

963 3912 1111 3994 Tyranno
1129 3913 1333 3996 supplicium:

963 3996 1087 4062 Stultus
1103 3998 1205 4062 saevit
1220 3995 1366 4077 sapienti,

962 4079 1044 4157 Quia
1057 4080 1162 4145 iustus
1176 4081 1209 4144 in
1224 4077 1385 4160 praesenti

962 4165 1123 4244 Purgatur
1137 4182 1195 4244 par
1209 4163 1352 4244 impium.

908 4243 936 4301 7·
962 4249 1000 4315 In
1015 4247 1131 4313 natalis
1146 4246 1195 4311 sui
1211 4264 1311 4310 coena

963 4330 1101 4414 Capitali
1115 4331 1211 4412 plecti
1228 4347 1330 4410 poena

962 4415 1135 4480 Iohannem
1150 4433 1206 4478 rer
1221 4415 1373 4496 imperat:

962 4500 1149 4581 Specrrlator
1168 4497 1334 4572 saltatrici,

963 4583 1117 4649 Saltatrix
1132 4583 1189 4647 dat
1203 4579 1355 4663 genetrici

964 4667 1076 4749 Caput,
1092 4665 1175 4748 quod
1190 4667 1334 4749 petierat.
