3190 5226
191 475 219 534 7.
239 468 324 535 Crux
339 471 389 534 est
403 469 499 534 arbor
515 469 675 550 decorata,

241 551 361 618 Christi
377 553 532 634 sanguine
547 565 682 636 sacrata,

240 637 372 702 Cunctis
387 638 480 720 plena
494 636 668 704 fructibus:

239 721 364 798 Quibus
379 721 504 786 animae
520 728 683 804 eruuntur,

240 804 320 870 Cum
336 806 483 889 supernis
499 807 683 872 nutriuntur

239 888 326 955 Cibis
341 890 374 953 in
389 889 588 954 coelestibus.

193 983 222 1041 8·
241 973 419 1054 Specialem
434 973 482 1038 fer
495 991 636 1039 amorem

239 1059 283 1124 Et
297 1059 502 1140 praecipuum
518 1057 670 1124 honorem

241 1141 335 1206 Cruci
350 1139 549 1207 salutiferae:

240 1224 320 1289 Cum
334 1223 458 1291 fervore
477 1225 697 1304 medullarum,

239 1309 324 1374 Nixu
339 1311 454 1374 virium
470 1313 598 1374 tuarum

239 1392 328 1458 Velis
343 1393 426 1458 hanc
441 1392 583 1474 diligere.

130 1527 151 1548 ,,
192 1475 221 1538 9.
239 1476 418 1558 Diligenter
434 1495 516 1558 pone
530 1479 669 1541 mentem

241 1561 345 1642 Super
360 1561 521 1626 Christum
536 1561 721 1642 patientem,

241 1643 285 1708 Et
300 1645 329 1709 ei
344 1645 529 1710 condoleas:

241 1726 360 1794 Christi
374 1733 518 1808 mortem,
534 1726 724 1810 Christiane,

239 1812 362 1893 Plange
376 1831 447 1878 sero
462 1818 559 1894 atque
573 1831 676 1892 mane,

240 1895 284 1960 Et
297 1898 331 1960 in
345 1897 476 1978 planctu
492 1897 643 1978 gaudeas.

721 293 929 354 ...w--⁸

912 467 1028 533 Manus
1043 465 1141 548 pedes
1156 463 1375 548 perfoderunt.

913 552 956 616 Et
971 557 1061 616 aceto
1076 556 1270 633 potaverunt

915 635 1080 702 Summum
1094 651 1203 716 regem
1219 634 1332 714 seculi3

848 723 894 785 12.
914 719 1012 784 Cuius
1028 719 1110 784 oculi
1125 717 1212 784 beati

914 804 996 870 Sunt
1011 805 1044 868 iu
1060 821 1152 868 cruce
1168 802 1338 883 obscurati,

914 889 958 954 Et
972 888 1079 954 vultus
1095 886 1265 969 expalluit:

915 973 978 1038 Suo
994 972 1118 1054 corpori
1133 977 1209 1036 tunc
1225 971 1310 1035 nudo

914 1057 985 1122 Non
1001 1055 1156 1121 remansit
1170 1052 1384 1136 pulchritudo,

915 1143 1017 1206 Decor
1033 1140 1135 1204 omnis
1150 1137 1284 1220 aufugit.

771 1305 777 1316 ἱ
849 1224 896 1287 13.
914 1225 1052 1305 Propter
1066 1223 1229 1288 hominum
1244 1226 1377 1306 peccata

916 1309 982 1375 Sua
995 1327 1069 1373 caro
1084 1307 1227 1372 cruciata

916 1393 992 1457 Fuit
1006 1393 1090 1457 inter
1104 1393 1254 1457 verbera:

915 1477 1061 1541 Membra
1076 1495 1134 1541 sua
1151 1482 1226 1541 sunt
1241 1475 1380 1540 distenta

915 1561 1051 1642 Propter
1065 1577 1181 1640 aspera
1196 1565 1356 1624 tormenta

914 1643 958 1708 Et
972 1644 1064 1708 illata
1077 1644 1219 1708 vulnera.

849 1738 897 1798 14.
916 1729 1005 1792 luter
1020 1745 1153 1807 magnos
1171 1727 1331 1792 cruciatus

915 1812 974 1876 Est
988 1811 1021 1876 in
1036 1829 1128 1876 cruce
1143 1812 1338 1893 lacrymatus

917 1896 960 1960 Et
975 1896 1080 1960 emisit
1096 1895 1258 1976 spiritum:

173 1991 221 2051 10.
241 1979 344 2056 Quam
356 1981 534 2062 despectus
551 1999 646 2061 quam
658 1981 799 2046 deiectus
916 1979 1119 2060 Suspiremus
1134 1983 1166 2043 et
1181 1977 1323 2057 fleamus,

240 2063 310 2128 Rex
324 2065 483 2129 coelomm
499 2071 547 2129 est
561 2063 701 2145 effectus,

242 2146 289 2212 Ut
304 2149 443 2212 salvaret
458 2149 636 2213 saeculum:

241 2231 386 2296 Esurivit
400 2237 433 2296 et
447 2232 557 2311 sitivit,

241 2315 369 2398 Pauper
384 2321 416 2380 et
432 2333 552 2394 egenus
567 2314 626 2380 ivit

243 2397 355 2481 Usque
370 2399 412 2464 ad
426 2399 614 2482 patibulum.

176 2491 224 2549 11.
245 2481 349 2558 Quum
365 2483 521 2548 deductus
538 2487 588 2547 est
602 2483 774 2547 immensus

242 2567 286 2632 Et
300 2567 334 2632 in
349 2583 441 2632 cruce
457 2572 534 2631 tunc
548 2583 730 2648 suspensus,

242 2652 410 2734 Fugerunt
425 2650 590 2732 discipuli:

916 2063 995 2128 Toto
1011 2063 1106 2128 corde
1121 2061 1286 2128 doleamus

916 2147 1018 2228 Super
1032 2147 1240 2227 unigenitum.

851 2237 898 2297 15.
918 2230 1082 2308 Crucifixe,
1098 2230 1149 2296 fac
1163 2249 1214 2296 me
1228 2229 1351 2307 fortem,

916 2313 963 2379 Ut
977 2315 1114 2380 libenter
1129 2321 1217 2380 tuam
1232 2317 1367 2378 mortem

917 2399 1081 2480 Plangam,
1098 2397 1196 2464 donec
1210 2398 1334 2462 vixero:

917 2482 1034 2547 Tecum
1049 2483 1121 2547 volo
1136 2481 1306 2558 vulnerari,

918 2565 963 2632 Te
978 2567 1115 2632 libenter
1130 2564 1304 2648 amplexari

916 2649 953 2714 In
968 2669 1061 2715 cruce
1076 2649 1232 2715 desidero.

243 2758 338 2815 Tect.
374 2757 476 2814 Daniel
493 2759 531 2827 ll,
553 2761 612 2814 101.
633 2774 686 2814 aas
704 2755 904 2813 Rambaclr's
922 2756 1092 2830 Aotbologa'e
1110 2757 1137 2827 I,
1156 2761 1218 2814 315.

627 3037 676 3098 63.
720 3031 773 3098 Dc
794 3039 907 3102 abacto
928 3051 1029 3098 cruce.

177 3171 203 3231 1.
229 3163 330 3229 Dulce
346 3163 468 3246 lignum
482 3165 662 3246 adoremus,

229 3247 348 3314 Dulces
364 3249 469 3314 claros
485 3267 682 3328 veneremur,

229 3333 373 3398 Verbum
387 3333 490 3416 patris
505 3333 725 3415 praedicemus

230 3417 381 3483 Sollemni
396 3420 581 3500 praeconio:

231 3499 352 3567 Christi
366 3519 493 3568 crucem
508 3504 687 3582 adoremus,

231 3583 422 3650 Crucifixum
437 3587 651 3668 deprecemur,

231 3667 278 3732 Ut
291 3671 332 3735 ab
348 3669 441 3735 hoste
456 3671 628 3736 liberemur

232 3751 342 3818 Crucis
356 3754 542 3836 patrocinio.

175 3839 204 3899 2.
230 3835 298 3900 Ave
312 3836 434 3916 lignum
449 3837 635 3919 pretiosum,

229 3918 360 3985 Pondus
375 3919 479 3986 ferens
495 3920 677 4002 gloriosum,

232 3999 399 4077 Quondam
413 4023 484 4069 eras
500 4021 669 4070 onerosum

230 4085 345 4150 Mortis
359 4087 567 4168 improperio:

903 3167 972 3232 Ave
987 3166 1119 3248 lignum,
1135 3165 1222 3248 quod
1236 3167 1327 3233 hristi

904 3251 1043 3330 Dignum
1059 3249 1143 3315 ferre
1160 3267 1274 3332 corpus
1291 3251 1422 3331 Christi,

904 3334 1024 3399 Mundo
1040 3334 1131 3414 lapso
1146 3335 1311 3402 contulisti

905 3419 1013 3484 Vitam
1029 3423 1062 3483 et
1075 3420 1252 3500 imperium.

849 3507 877 3566 3.
905 3501 1051 3566 Christus
1065 3503 1097 3566 in
1113 3507 1146 3567 te
1161 3503 1380 3586 triumphavit,

905 3585 1010 3651 Morte
1025 3593 1160 3651 mortem
1176 3590 1340 3668 superavit

904 3669 948 3734 Et
962 3674 1110 3751 potenter
1127 3671 1278 3753 spoliavit

905 3753 1095 3818 Acherontis
1110 3755 1209 3820 atria:

904 3836 988 3900 Hinc
1001 3839 1164 3919 praeviam
1179 3843 1277 3920 atque
1293 3838 1407 3903 ducem

906 3919 1089 3986 Habeamus
1105 3921 1223 3986 Christi
1241 3941 1378 4002 crucem,

907 4001 952 4067 Ut
966 4005 1075 4070 videre
1090 4024 1200 4072 veram
1215 4007 1319 4072 lucem

906 4086 1070 4154 Possimus
1084 4090 1118 4154 in
1134 4090 1249 4172 patria.

247 4209 272 4248 a.
292 4191 389 4247 Text.
426 4195 510 4249 illone
528 4195 580 4250 No.
602 4198 661 4249 106.
680 4197 715 4264 (1,
736 4193 807 4263 139.)
826 4209 893 4247 arcs:
911 4193 984 4261 „Hs
996 4195 1231 4268 ruIAobtentbcl,
1250 4203 1293 4253 14.
1311 4197 1435 4254 Jabrh.“
1449 4229 1485 4242 -

175 4265 276 4320 Daniel
295 4265 329 4330 V,
348 4266 391 4318 92.
410 4265 460 4320 bat
479 4267 524 4319 die
541 4269 560 4320 2
578 4273 670 4320 craten
688 4265 784 4318 Zeilera
804 4281 856 4319 aas
876 4265 941 4320 Cod.
962 4268 988 4322 S.
1007 4267 1077 4322 Gall.
1097 4271 1150 4324 546
1168 4271 1324 4342 (Brunder).

247 4355 273 4410 b.
293 4353 478 4408 Leeorten.
517 4358 539 4424 1,
559 4357 583 4408 3.
602 4353 794 4422 praedicemur
812 4353 865 4407 Ha.
884 4385 919 4395 -—
938 4359 1001 4425 6,1.
1020 4357 1071 4411 Hic
1090 4357 1141 4410 Hs,

247 4457 270 4496 c.
288 4439 444 4496 Bemerlc.
481 4442 506 4494 5.
526 4441 710 4510 „Acherontis
729 4448 781 4496 atr.
800 4457 841 4495 =
863 4440 975 4512 Verbof
990 4445 1039 4500 der
1057 4443 1149 4518 Ho‘lle,
1165 4447 1212 4500 ein
1234 4447 1389 4518 pewdblter
1407 4445 1486 4502 Aras-

176 4512 265 4570 araca
277 4512 332 4582 ,fiir
349 4512 505 4569 Vorlrdlle.“
540 4513 633 4568 Mona.

727 4685 927 4698 ———-—-
