3234 5246
686 335 918 399 -ete-

174 525 203 586 6.
225 519 263 585 11
289 521 347 584 tua
371 517 456 584 enim
478 519 586 582 mente
611 515 683 582 iona
707 517 798 582 vivus
824 517 1003 584 clarissima
1026 516 1096 582 luee
1121 515 1308 598 purissimos
1332 516 1461 583 rivulos

303 602 414 668 eduxit
428 602 583 684 perviam
599 601 722 667 salutis,

174 695 203 754 7.
226 687 274 754 Tn
289 705 408 768 magna
421 687 521 752 turris
535 691 611 752 ante
626 685 729 752 altare
745 683 860 752 summi
871 685 931 752 Dei
943 690 977 751 et
987 685 1083 752 huius
1094 685 1194 751 turris
1205 685 1329 751 culmen
1340 684 1461 751 obum-

302 771 406 838 brasti
420 787 478 852 per
492 769 614 835 fumum
628 774 817 836 aromatum.

173 861 204 922 8.
227 854 433 934 omninode,
456 854 489 918 in
511 861 568 920 tuo
588 854 708 920 lumine
730 873 787 938 per
807 852 953 936 exempla
973 855 1044 938 puri
1060 854 1129 920 suni
1144 855 1287 920 membra
1301 851 1459 918 mirificae

302 940 407 1006 landis
421 937 597 1006 aedificasti
611 938 645 1002 in
660 939 785 1005 duabus
798 938 946 1021 partibus
961 957 1018 1020 per
1031 937 1131 1004 filium
1146 938 1291 1004 hominis.

174 1028 203 1089 9.
225 1025 264 1090 In
278 1026 345 1090 alte
362 1027 430 1090 stas
443 1041 505 1089 non
520 1023 711 1089 erubescens
726 1027 801 1088 ante
816 1023 919 1089 Deum
943 1023 1051 1090 vivum
1066 1029 1099 1089 et
1113 1022 1255 1104 protegis
1269 1022 1364 1088 viridi
1377 1039 1459 1086 rore

302 1109 472 1174 laudantes
487 1108 589 1173 Deum
602 1106 664 1172 ista
678 1123 765 1172 voce.

154 1195 202 1258 10.
226 1191 372 1258 OduIeis
391 1193 459 1258 vita
479 1197 512 1257 et
534 1210 553 1256 ο
575 1191 672 1256 beate
691 1191 938 1272 perseverentia,
954 1189 1044 1272 squae
1057 1191 1090 1256 in
1105 1189 1165 1256 hoe
1187 1192 1283 1257 beate
1298 1188 1458 1256 Disibndo

302 1277 476 1358 gloriosum
491 1275 598 1340 lumen
613 1291 739 1356 semper
753 1273 929 1341 aedificasti
944 1277 978 1340 in
993 1275 1122 1342 coelesti
1135 1275 1321 1342 Ierusalem.

154 1365 203 1426 ll.
226 1360 318 1426 Nunc
333 1361 376 1426 sit
389 1361 460 1424 laus
474 1359 543 1425 Deo
557 1358 590 1424 in
605 1357 707 1424 forma
722 1359 851 1441 pulcrae
864 1363 1017 1426 tonsurae
1032 1360 1167 1426 viriliter
1182 1364 1344 1441 operante.

154 1449 202 1513 12.
224 1443 268 1510 Et
282 1444 411 1526 superni
427 1444 512 1508 nives
527 1442 690 1524 gaudeant
704 1443 744 1508 de
758 1442 819 1523 his,
834 1443 889 1525 qui
905 1461 960 1510 eos
975 1443 1036 1510 hoe
1050 1443 1145 1510 medo
1160 1443 1336 1510 imitantur.

222 1553 360 1610 11111.
396 1552 481 1607 Mene
499 1551 552 1607 No.
571 1553 624 1606 887
643 1551 680 1620 (3,
698 1549 761 1619 269)
781 1567 847 1606 aaa:
871 1549 924 1605 Ha.
948 1569 985 1607 zu
1008 1551 1184 1620 messana,
1212 1557 1255 1607 12.
1273 1551 1374 1608 aaran.
1402 1553 1458 1604 mit

152 1625 202 1680 der
220 1624 349 1680 Melodir.
384 1623 463 1677 maur
490 1638 535 1676 nm
562 1621 691 1676 Setinum
718 1623 768 1676 der
799 1621 897 1676 Werke
924 1623 973 1678 der
999 1625 1027 1678 t.
1045 1624 1205 1696 Hildepnrd
1228 1623 1457 1679 1111111111-

152 1695 304 1752 reiter'nlict
321 1709 376 1748 von
393 1695 442 1750 ihr
459 1695 592 1763 versarat.
609 1692 702 1750 Mene.
721 1723 755 1734 -
773 1693 873 1750 Daniel
891 1692 925 1764 V,
944 1699 997 1750 272
1016 1697 1068 1752 tat
1086 1697 1139 1751 den
1157 1694 1229 1752 rear
1247 1711 1300 1750 aaa
1317 1694 1412 1750 Mene.

222 1783 249 1838 b.
268 1781 422 1838 Bemerk.
458 1781 488 1838 S.
507 1797 545 1838 au
561 1779 614 1838 No.
635 1783 693 1836 127.

702 1935 901 1942 —————-——-

511 2055 583 2117 549.
626 2049 679 2116 De
700 2069 725 2117 s.
747 2049 917 2116 Dominieo
938 2050 1095 2116 monacho.

152 2167 231 2237 (Geb.
259 2169 331 2222 1170
357 2183 394 2222 eu
423 2165 587 2237 Galarunpa
613 2168 645 2220 in
669 2167 870 2308 Aitkgatfiien)
887 2172 955 2238 pest.
980 2171 1068 2222 amri.
1088 2166 1389 2238 appraesentent
1408 2181 1458 2221 am

757 2281 764 2292 .
811 2257 856 2310 up.

177 2369 204 2426 1.
223 2360 263 2426 In
278 2359 407 2426 coelesti
421 2359 601 2426 hierarchia
898 2359 995 2442 Signo
1011 2360 1113 2426 erucis
1127 2360 1231 2426 imber
1246 2360 1340 2438 cedit,

223 2443 318 2512 Nova
332 2446 425 2510 sonet
438 2444 615 2525 harmonia,
896 2443 1006 2510 Turba
1019 2443 1155 2509 fratrum
1171 2462 1285 2526 panem
1303 2445 1370 2510 edit

224 2529 427 2628 Neyodueta
441 2529 581 2628 cantico:
627 2611 634 2626 .
897 2529 1033 2596 Missum
1047 2528 1107 2594 Dei
1122 2547 1263 2594 munere.

224 2611 657 2794 itttttiittttm
850 2653 1313 2805 iigffipgrpgffigeffiss

225 2781 437 2864 congaudens
455 2783 631 2848 Dnmmren.
900 2823 1036 2890 sumens
1051 2823 1229 2890 exaltatur:

179 2913 208 2973 2.
227 2905 277 2971 Ex
290 2905 437 2988 Aegypto
452 2906 615 2972 vastitatis
899 2907 1017 2972 Orbem
1032 2909 1134 2990 replet
1149 2908 1278 2987 semine,

225 2991 340 3056 Virum
355 3007 434 3055 suae
448 2989 622 3056 voluntatis
731 3017 735 3026 ·
898 2991 935 3056 In
950 2991 1110 3056 coelorum
1128 2990 1255 3072 agmine

225 3074 604 3140 Veeatauctorsaeculi:
899 3075 1041 3140 Tandem
1056 3075 1239 3140 collocatur.

224 3155 659 3309 refrenarentur...
851 3205 879 3264 ⁷·
898 3197 1357 3357 appeteremur?

223 3325 542 3410 Pr⁰³⁸¹¹¹t⁰p⁰p¹¹l¹·
897 3366 962 3432 Sed
975 3367 1152 3448 plasmator
1167 3369 1308 3434 omnium

176 3459 205 3519 3.
223 3450 494 3532 infiguracatuli
899 3449 982 3517 Ossa
996 3451 1113 3534 Ioseph
1128 3451 1295 3535 pullulare,

223 3535 430 3602 Praedicator
445 3536 564 3602 saeculi
898 3535 995 3600 Sidus
1010 3535 1099 3601 iubet
1113 3537 1240 3602 radiare

223 3619 321 3685 Matri
337 3625 629 3703 praemonstratur:
895 3618 934 3684 In
948 3619 1085 3685 salutem
1099 3621 1252 3702 gentium.

223 3703 582 3853 {gmflsisefaffllffl
846 3749 876 3810 8.
895 3744 1034 3826 Oquam
1050 3742 1424 3827 probaremus-'florem

290 3787 567 3870 “mmmmm
893 3828 1029 3894 Omnem
1043 3848 1198 3911 superans
1213 3831 1342 3897 odorem

223 3871 364 3954 P⁰p¹¹¹⁰⁸
375 3871 533 3938 matur·
895 3913 1023 3978 Tumuli
1039 3913 1234 3996 fragrantia:

174 4002 205 4063 4.
224 3995 287 4062 Hic
297 4002 349 4064 est
361 4013 462 4062 novus
475 3995 648 4078 legislator,
895 3997 994 4077 Aegri
1009 4001 1142 4062 currunt
1157 4003 1368 4078 enarrantur,

223 4079 284 4144 Hic
297 4079 394 4162 Elyas
411 4079 588 4147 aemulator
895 4079 999 4160 Caeci,
1014 4081 1120 4146 claudi
1135 4087 1327 4163 reparantur

223 4163 267 4228 Et
280 4163 446 4231 detestans
461 4165 607 4232 crimina:
895 4165 1061 4230 Virtutum
1075 4163 1264 4247 frequentia.

223 4246 673 4397 fflfssuffljgsffeagffi⁵⁰ni⁸
847 4294 876 4354 9.
895 4287 1024 4355 Laudes
1039 4307 1116 4371 ergo
1131 4290 1296 4388 Itominim

222 4413 336 4479 Hostis
351 4413 444 4495 fugat
457 4415 594 4496 agmina·
895 4373 1104 4440 Personemus
1119 4374 1252 4440 mmfiao

175 4541 203 4604 5.
222 4535 624 4636 Adeiunntisrevoeatum
896 4457 1311 4625 {flecmappeentznssuiiragia

223 4621 322 4690 Matri
335 4641 442 4689 mrum
455 4623 561 4690 reddit
573 4627 695 4706 natum,
895 4623 973 4690 Eius
987 4643 1122 4707 sequens
1135 4627 1273 4710 vestigia

222 4705 621 4792 Viveusadhueenrpore:
895 4707 990 4778 Plebs
1005 4727 1116 4793 egena.
