3240 5224
775 357 817 372 -
860 323 1006 388 284-

258 507 287 572 9.
306 503 508 586 Principatns
524 505 578 569 uni
594 503 689 570 datur
982 505 1132 586 Languor
1147 501 1240 582 cedit
1256 519 1343 568 mors
1358 501 1495 586 obedit,

306 586 484 668 Unitasque
499 587 740 656 commendatur
982 589 1096 670 Magus
1111 594 1230 670 crepat,
1247 587 1349 653 Roma
1364 588 1494 672 credit,

306 671 397 736 Fidei
413 672 602 740 catholicae:
980 673 1024 737 Et
1038 671 1079 736 ad
1095 673 1195 737 vitam
1209 673 1347 737 muudus
1363 672 1460 740 redit

309 753 398 820 Unus
415 763 524 820 cortex
539 761 590 821 est
604 773 785 837 granorum,
981 757 1175 837 Reprobatis
1189 755 1292 821 idolis.

307 838 370 904 Sed
387 843 419 904 et
434 857 497 904 una
511 841 559 906 via
575 841 748 906 multorum
913 843 961 906 12.
981 840 1067 906 Nero
1082 839 1189 905 tremit
1203 841 1376 906 sceleratus

306 923 372 989 Sub
388 923 499 988 eodem
515 924 642 990 cortice.
979 923 1068 1004 Magi
1083 931 1185 988 morte
1198 923 1372 1002 desolatus,

981 1006 1080 1072 Gutus
1095 1026 1184 1072 error
1198 1009 1227 1072 ei
1243 1014 1364 1087 gratus,

239 1096 288 1158 10.
307 1091 440 1156 Romam
460 1096 672 1158 convenerant
980 1089 1085 1156 Grave
1101 1091 1343 1174 praecipitium:

307 1175 428 1242 Salutis
447 1175 563 1252 nuncii,
978 1175 1158 1240 Bellatores
1175 1174 1354 1256 praeelecti.

307 1257 369 1324 Ubi
385 1259 458 1340 plns
474 1265 627 1326 noverant
981 1258 1051 1324 Non
1067 1278 1086 1324 a
1100 1257 1162 1323 lide
1178 1263 1312 1342 possunt
1326 1255 1422 1337 flecti,

306 1343 415 1408 Inesse
433 1343 511 1420 vitii,
980 1342 1043 1409 Sed
1058 1343 1089 1406 in
1106 1361 1214 1425 pugna
1229 1346 1316 1407 stant
1330 1343 1442 1422 erecti,

306 1426 393 1492 Nibil
409 1425 610 1508 disciplinae:
979 1426 1045 1492 Nec
1060 1425 1233 1492 formidant
1248 1427 1400 1507 gladium.

305 1510 463 1576 Insistunt
478 1512 564 1574 vitiis
911 1511 960 1574 13.
978 1509 1093 1576 Petrus
1109 1510 1223 1575 haeres
1238 1528 1332 1574 verae
1348 1509 1432 1576 lucis
1602 1500 1603 1570 l

305 1593 431 1660 Fideles
446 1594 570 1668 medici,
978 1594 1056 1659 Fert
1070 1596 1216 1659 inversus
1231 1612 1366 1676 poenam
1382 1595 1505 1676 crucia,
1602 1583 1603 1676 i

304 1679 399 1744 Vitae
412 1677 561 1744 remediis
977 1678 1095 1744 Paulus
1110 1679 1208 1744 ictum
1223 1678 1379 1760 pugionis,
1602 1697 1603 1710 ἢ

305 1762 446 1830 Obstant
461 1761 637 1846 phrenetici
979 1761 1045 1827 Nec
1060 1761 1205 1828 diversae
1221 1762 1378 1844 passionis

303 1846 400 1914 Fului
415 1847 590 1914 doctrinae.
977 1843 1060 1911 Sunt
1074 1845 1202 1910 diversa
1217 1847 1377 1928 praemia:

977 1929 1091 1994 Patres
1106 1947 1248 1996 summae
1264 1929 1441 2012 dignitatis,

237 2019 285 2080 11.
304 2013 404 2080 Facta
420 2013 540 2080 Christi
555 2013 713 2080 mentione
978 2011 1108 2078 Summo
1123 2015 1191 2096 regi
1207 2014 1419 2095 conregnatis,
1603 2064 1604 2136 ,

305 2097 413 2164 Simon
428 2099 543 2178 Magus
558 2116 629 2163 curn
645 2096 770 2163 Nerone
981 2097 1093 2162 vinda
1106 2107 1236 2164 nostrae
1251 2099 1420 2180 pravitatis

304 2181 544 2254 conturbantur
558 2181 617 2246 hoc
631 2199 785 2262 sermone,
978 2181 1090 2248 Solvat
1104 2189 1230 2248 vestrae
1246 2181 1416 2264 potestatis

304 2265 371 2330 Nec
387 2265 503 2330 cedunt
517 2267 691 2346 apostolis:
977 2264 1098 2331 Efficax
1113 2267 1285 2332 sententia.
1314 2269 1424 2330 Amen.

305 2371 398 2428 Τρωΐ.
436 2373 567 2430 clichtov.
586 2371 633 2440 IV,
653 2375 713 2428 203.
750 2401 785 2413 -
821 2373 921 2428 Daniel
938 2371 974 2438 ll,
994 2375 1036 2429 81.
1064 2373 1115 2428 bat
1143 2373 1189 2428 dia
1215 2375 1343 2428 dorotea
1361 2371 1468 2427 Zeilea.
1510 2402 1546 2414 -

234 2443 362 2573 {3101}
375 2447 433 2573 321¹
443 2445 492 2572 'hat
511 2444 556 2500 dia
573 2445 591 2500 3
609 2449 700 2500 ersten
718 2440 814 2499 Zcilen
831 2461 884 2501 aaa
904 2445 981 2501 einer
999 2443 1053 2500 Ha.
1072 2443 1353 2516 auPommerafaldcn
1372 2459 1397 2501 o.
1408 2441 1467 2500 No.
1490 2460 1546 2501 aas

351 2557 357 2572 .
434 2533 450 2572 r
471 2557 477 2571 .

792 2711 973 2726 m

575 2883 647 2946 396.
690 2879 743 2946 Da
763 2880 882 2948 scamis
903 2877 998 2946 Petro
1019 2885 1049 2945 et
1069 2878 1185 2948 Panlo.

236 3027 264 3087 1.
287 3019 378 3084 Dnae
393 3033 468 3082 vere
482 3021 558 3082 sunt
573 3014 687 3094 olivae,
960 3013 1089 3091 Cruces,
1109 3015 1218 3079 trabes
1233 3011 1448 3096 cypressinae,

288 3103 351 3168 Per
365 3117 444 3183 quos
458 3099 587 3182 plantae
603 3100 784 3181 primitivae
960 3099 1055 3178 Saga,
1070 3099 1170 3182 pelles
1185 3103 1218 3162 et
1233 3097 1385 3177 cortinae,

288 3185 472 3252 Noscuntur
487 3183 657 3250 ecclesiae:
960 3182 1074 3249 Vectes
1093 3181 1259 3263 evangelii.

288 3269 412 3348 Quibus
428 3267 502 3334 Sion
519 3278 569 3334 est
583 3269 745 3352 compluta
903 3270 933 3332 4.
959 3265 1019 3344 Qui
1039 3265 1113 3330 dnm
1130 3265 1250 3331 Romae
1265 3265 1380 3331 docent
1397 3283 1516 3348 mores,

289 3355 332 3421 Et
346 3353 485 3419 coeleste
502 3353 646 3420 delibuta
960 3350 1113 3416 Plantant
1128 3349 1221 3415 fidem
1237 3357 1271 3415 et
1285 3367 1411 3416 errores

287 3439 388 3505 Roma
402 3457 476 3504 rore
489 3439 623 3520 gratiae.
960 3434 1340 3516 Excluduntgentilium:

959 3517 1101 3584 Vincunt
1116 3536 1225 3600 magos
1242 3527 1275 3583 et
1292 3517 1427 3583 Neronis

960 3601 1027 3667 Nec
1044 3601 1218 3666 abhorrent
1233 3603 1391 3684 passionis

960 3685 1003 3750 Et
1018 3686 1131 3751 mortis
1148 3687 1349 3770 supplicium.

905 3770 933 3830 5.
959 3769 1045 3850 Ergo
1061 3788 1120 3836 nos
1135 3771 1167 3835 in
1185 3769 1312 3834 Christo
1328 3769 1418 3850 duce,

961 3853 1009 3918 Tu
1024 3854 1057 3918 in
1073 3871 1158 3930 ense,
1175 3855 1258 3918 tuin
1274 3871 1366 3918 cruca

960 3937 1083 4002 Ardone
1098 3937 1243 4020 martyrii

959 4020 1027 4086 Nos
1042 4023 1083 4086 ad
1099 4038 1223 4087 crucem
1239 4019 1450 4100 inflammetis,

960 4103 1061 4170 Nobis
1076 4123 1205 4171 coenam
1222 4105 1400 4187 impetretis

962 4185 1121 4254 Coelestis
1137 4191 1283 4254 convivii.

233 4277 262 4340 3.
288 4271 330 4339 Ηί
346 4279 421 4341 snnt
435 4274 549 4339 summi
564 4273 747 4354 bellatores,
961 4271 1078 4353 inquo
1095 4273 1152 4338 Dei
1169 4272 1269 4339 lilium

287 4357 390 4423 Duces
406 4359 512 4440 gregis
527 4363 559 4423 et
574 4360 730 4435 doctores,
959 4356 1190 4424 Laudamusin
1204 4359 1406 4440 perpetuum.

289 4440 400 4508 Claves
416 4443 598 4522 sanctuarii,
960 4441 1062 4504 Amen
1078 4440 1185 4505 dicant
1200 4441 1315 4506 omnia.

303 4565 328 4606 a.
347 4547 441 4604 Tect.
478 4549 562 4604 Mona
580 4547 632 4605 No.
651 4549 704 4603 687
722 4547 757 4618 (3,
776 4548 830 4612 94.)
850 4563 916 4602 arra:
934 4547 986 4602 Ha.
1006 4545 1196 4605 deaKlosters
1210 4547 1372 4673 Enpelberg
1385 4546 1416 4600 ia
1436 4543 1532 4628 Ualer-

231 4621 340 4678 aalma
358 4619 379 4675 Ι.
398 4621 455 4694 ⁴125·
484 4621 532 4676 iol.
551 4624 593 4678 33.
623 4623 667 4674 14.
686 4617 787 4674 Jabrb.
805 4619 857 4675 mit
876 4619 925 4674 dar
943 4617 1066 4674 Melodia
1085 4621 1139 4691 (A).
1177 4651 1212 4663 -
1248 4621 1327 4676 Mira.
1373 4627 1425 4674 atr.
1444 4615 1531 4672 Parra.

234 4697 304 4751 1520
320 4691 374 4764 ra).

233 3652 262 3713 2.
289 3645 350 3711 isti
366 3645 441 3712 Sion
457 3645 675 3725 fundamenta,

287 3729 398 3806 Bases,
414 3737 510 3808 tacta,
526 3728 712 3795 fulcimenta

288 3815 423 3880 Archam
441 3819 572 3897 portant
586 3811 744 3879 foederis:

288 3897 403 3963 Petrus
418 3901 541 3980 primus
556 3899 746 3979 principatu,

287 3981 378 4047 Alter
393 3981 512 4048 Paulus
528 3983 721 4063 magistratu

287 4065 450 4149 Ellulgent
464 4083 540 4150 prae
556 4065 679 4132 ceteris.
