3186 5254
685 317 914 381 ..435-

155 498 185 563 4.
210 492 445 560 Laocmdntrac
457 493 491 559 in
505 511 640 576 agonem

211 575 332 643 Christi
347 595 483 659 sequens
497 580 680 659 passionom

210 659 303 726 Prior
316 679 375 742 per
387 663 590 743 martyrium:

210 743 314 810 Extra
327 751 453 826 portam
467 747 607 812 civitatis

210 827 347 910 Propter
361 827 456 896 fidem
470 830 617 896 veritatis

210 911 335 978 Ductus
349 910 382 977 in
397 914 613 996 opprobrium.

155 1084 186 1146 5.
211 1079 391 1161 Lapidatur
404 1099 425 1145 a
438 1079 559 1160 Iudeis,

211 1161 373 1230 Christum
388 1169 469 1246 orat,
485 1183 525 1229 ne
541 1165 596 1231 dat
610 1166 657 1230 eie

211 1247 391 1326 Qualitater
407 1248 591 1318 emminum:

209 1330 272 1396 Per
285 1329 370 1397 hunc
383 1330 504 1400 Paulus
519 1333 709 1416 appellatur,

210 1412 272 1491 Qui
286 1420 364 1480 tunc
378 1413 496 1482 Saulus
510 1421 685 1484 attestatur

210 1495 373 1564 Sociorum
389 1499 517 1566 scelera.

226 1603 317 1662 Text.
353 1605 733 1666 Miaa.iratr.Paris.1520.

828 504 857 566 6.
883 496 910 562 O
925 513 1020 579 quam
1035 497 1151 580 dignus
1167 497 1295 580 deitate,

882 579 1000 648 Plenus
1014 585 1106 646 tanta
1119 581 1277 650 charitate

883 663 1002 730 Contra
1017 666 1122 732 carnis
1136 667 1285 733 vulnera:

882 747 974 813 Genu
989 746 1070 814 flexo
1084 749 1188 815 Deum
1203 755 1284 831 orat,

881 831 1059 912 impetrato
1074 832 1159 914 quod
1173 833 1334 917 implorat,

882 914 971 980 Coeli
986 916 1088 982 cernit
1102 916 1248 998 gloriam.

827 1003 855 1064 7.
881 999 1071 1081 Perpetrato
1086 999 1172 1082 quod
1186 1003 1336 1084 precatur

883 1081 932 1147 Ad
947 1083 1033 1164 quod
1046 1083 1128 1149 vidit
1142 1084 1288 1151 elevatur

882 1164 960 1232 Post
974 1168 1079 1233 carnis
1094 1168 1277 1234 victoriam:

881 1248 920 1314 In
935 1251 1025 1316 cuius
1040 1252 1174 1318 modona

879 1332 976 1413 Laus,
991 1334 1092 1401 honor
1105 1341 1139 1401 et
1152 1335 1256 1420 gloria

882 1417 952 1482 Deo
966 1417 1061 1484 detur
1075 1423 1109 1484 ct
1126 1417 1261 1484 debetur

882 1499 945 1567 Per
958 1507 1090 1569 aeterna
1103 1503 1238 1570 saecula.
1267 1503 1378 1573 Amen.

452 1891 523 1951 720.
566 1884 619 1952 Dc
639 1906 665 1952 a.
686 1881 844 1970 stapam
864 1907 936 1970 repa
952 1885 1153 1955 Pannoniae.

153 2004 292 2074 (Stephon
309 2003 334 2059 Ι.
354 2003 450 2075 Kdaaa'p
467 2020 523 2060 oon
542 2004 668 2076 Capora,
685 2006 807 2077 pcb.979
825 2023 863 2062 aaa
872 2004 962 2074 Crosa,
979 2006 1133 2062 &malam
1149 2008 1204 2062 997
1221 2005 1267 2062 die
1281 2003 1451 2078 Repo'rranp,

496 2077 576 2132 atara
594 2079 638 2132 16.
656 2076 728 2149 ΑΨ.
746 2081 828 2147 1038,
851 2077 961 2136 ancora
977 2079 1003 2134 2.
1021 2076 1109 2147 Sept.)

156 2203 185 2261 1.
211 2197 324 2273 Corde,
338 2215 426 2280 uoce,
440 2203 548 2266 mente
561 2217 643 2282 pura

210 2281 342 2348 Solvens
356 2283 424 2349 Dea
439 2282 571 2349 laudum
585 2281 667 2366 iura,

209 2366 372 2433 Idolorum
387 2372 497 2450 spreta
510 2385 597 2448 cura,

208 2449 345 2516 Laetare
359 2451 539 2516 Pannonia:

208 2533 258 2600 De
272 2535 419 2618 supernis
433 2535 606 2616 illustrata,

208 2618 316 2684 Verbo
330 2619 415 2684 vitae
429 2619 558 2700 satiata,

210 2701 321 2768 Crucis
335 2700 455 2768 Christi
469 2699 575 2769 ierens
591 2707 684 2784 grata

209 2785 328 2854 Libens
343 2786 536 2852 testimonia.

155 2865 185 2926 2·
210 2869 297 2952 Ergo
311 2887 370 2950 per
383 2887 478 2952 quem
492 2869 552 2936 tibi
566 2869 662 2935 datur

210 2953 313 3032 Salus,
330 2953 452 3019 coelum
467 2958 641 3027 reseratur,

208 3039 272 3106 Via
285 3038 371 3104 vitae
385 3036 623 3103 demonstratur

209 3121 254 3187 Et
267 3123 329 3188 iter
342 3121 499 3188 iustitiae:

209 3205 303 3272 Hunc
318 3205 453 3272 extollas
467 3205 564 3286 digna
577 3202 681 3280 laude,

208 3289 313 3355 Huius
328 3289 444 3355 lectum
460 3289 567 3354 colans
583 3286 688 3369 gaude

209 3373 253 3439 Et
268 3373 420 3454 gaudenti
435 3373 498 3438 iam
513 3369 673 3455 applaude

209 3457 341 3524 Cantico
355 3455 507 3522 laetitiae.

154 3533 183 3594 3·
208 3540 270 3606 Hic
284 3547 335 3606 est
350 3541 474 3622 Geysac
488 3539 591 3608 dulcis
605 3543 708 3618 natus,

209 3623 341 3690 visione
354 3623 590 3705 praesignatus,

209 3706 294 3772 Ante
309 3709 415 3772 ortum
429 3711 479 3771 est
491 3711 622 3773 vocatus

211 3787 392 3872 Stephanus
405 3807 426 3853 a
440 3789 619 3872 Stephano:

210 3871 321 3938 Credit
333 3877 427 3954 pater
441 3873 630 3952 admiratur,

209 3954 299 4022 Parit
312 3961 416 4022 mater
431 3962 464 4022 et
480 3957 629 4035 lactatur,
657 3983 666 3999 ·

208 4037 319 4106 inians
334 4055 480 4105 crescens
495 4039 664 4117 exaltatur,

208 4120 257 4190 Ut
271 4125 384 4190 cedrus
398 4123 432 4188 in
446 4121 578 4190 Libano.

153 4197 183 4258 4·
209 4205 292 4274 Nam
309 4212 347 4273 ut
361 4225 441 4290 puer
454 4205 604 4284 adolevit,

209 4289 285 4356 Mox
298 4293 453 4357 virtutum
469 4289 561 4356 donis
575 4287 683 4365 crevit,

209 4372 324 4442 Coelos
338 4393 449 4442 amans
463 4375 528 4440 ima
542 4371 664 4457 sprevit

208 4457 355 4525 Haerens
367 4459 427 4526 Dei
440 4457 521 4525 filio:

123 4581 128 4592 ·
222 4564 318 4624 fect.
354 4567 487 4625 Clichtor.
504 4564 554 4640 IV,
571 4567 633 4622 211.

879 2197 984 2264 limus
998 2197 1103 2263 carnis
1117 2201 1204 2264 tecta
1216 2199 1288 2266 velo

879 2280 972 2346 Mens
987 2283 1111 2348 intenta
1126 2299 1252 2366 semper
1266 2283 1354 2349 coelo

882 2366 984 2431 Ardet
998 2368 1068 2431 tota
1081 2365 1141 2431 Dei
1155 2367 1235 2448 nelo,

881 2449 988 2516 Instat
1002 2450 1177 2531 evangelio.
1211 2487 1216 2498 «

825 2534 854 2595 d.
879 2532 942 2598 Per
956 2533 1040 2600 hunc
1055 2532 1202 2600 Christus
1216 2533 1429 2617 praedicatur,

880 2616 989 2684 Turba
1003 2616 1136 2684 credens
1150 2618 1344 2700 baptizatur,

879 2699 977 2766 Fides
992 2700 1112 2766 Chrisu
1126 2700 1282 2768 dilatatur

880 2784 918 2850 In
934 2786 1004 2850 tota
1017 2783 1198 2850 Pannonia:

879 2867 941 2932 Hic
955 2868 1101 2934 adinstar
1115 2869 1294 2936 Salomonis

880 2951 986 3017 Struit
1000 2952 1165 3035 templum,
1181 2953 1264 3020 ditat
1279 2953 1380 3034 donis,

757 3111 760 3116 Ι
881 3034 985 3100 Ornat
999 3037 1133 3118 gemmis
1148 3043 1181 3103 et
1195 3037 1319 3104 coronis

882 3117 1000 3184 Cruces
1015 3123 1048 3184 et
1061 3119 1186 3188 altaria.

825 3197 854 3258 6·
880 3201 930 3266 Ad
946 3201 1123 3268 docendum
1134 3203 1191 3267 'hic
1205 3203 1367 3283 praelatos

878 3287 974 3352 Viros
988 3286 1079 3368 ponit
1093 3285 1250 3365 literatos,

878 3368 994 3449 Inatos,
1009 3369 1091 3435 fidos
1107 3374 1140 3434 et
1153 3369 1307 3451 probatos

878 3452 929 3517 Ad
943 3453 1042 3518 robur
1056 3451 1214 3518 fidelium:

879 3535 942 3601 Hic
955 3537 1113 3604 talentum
1128 3536 1190 3602 sibi
1205 3535 1316 3601 datum

880 3619 949 3685 Deo
964 3619 1070 3685 reddit
1084 3619 1291 3702 duplicatum,

880 3703 931 3768 Ab
946 3706 1075 3770 aeterno
1089 3709 1317 3786 praeparatum

879 3785 949 3853 Sibi
963 3787 1089 3854 scandit
1102 3787 1228 3852 solium.

825 3864 854 3927 7·
879 3867 944 3935 Ubi
960 3869 1089 3937 Christo
1103 3871 1242 3936 sociatus

879 3953 923 4019 Et
937 3953 977 4018 ab
991 3955 1062 4036 ipso
1079 3955 1271 4020 sublimatus

879 4037 1014 4118 Regnat,
1029 4055 1155 4121 semper
1168 4039 1338 4102 coronatus

879 4119 919 4184 In
932 4137 1072 4202 superna
1087 4121 1208 4202 patria:

881 4202 975 4269 Hunc
990 4204 1097 4270 devoti
1110 4221 1308 4283 veneremur,

881 4287 975 4352 Hunc
989 4304 1028 4352 ex
1043 4287 1139 4354 corde
1153 4287 1369 4369 deprecemur,

881 4367 927 4436 Ut
941 4388 999 4453 per
1011 4371 1118 4454 ipsum
1133 4373 1336 4440 sublevemur

880 4453 931 4520 Ad
946 4455 1107 4523 coelorum
1121 4455 1215 4522 atria.
1245 4457 1356 4521 Amen.

702 4688 901 4700 m
