3218 5234
654 293 865 358 ..33-

566 477 617 540 85.
661 475 715 542 De
740 477 955 559 reductpticne.

485 609 602 680 (Auctor
619 611 728 669 Notlrer
745 611 880 668 Balbulus
898 611 1036 684 habetur.)

120 739 143 798 1.
163 731 204 798 lit
218 730 306 798 sicut
319 730 458 796 liliorum
474 732 593 798 candor
835 733 953 800 Hostia
972 733 1033 801 tibi
1047 733 1211 815 reddatur,

163 816 200 882 ln
215 814 322 898 gloria
336 815 520 898 splendebit
837 817 898 898 Qui
914 835 977 882 non
992 819 1096 884 solum
1112 819 1246 902 suscipis
1261 823 1377 898 castos,

163 899 279 966 Geram
295 898 425 965 Christe
440 899 544 980 beato,
837 901 898 968 Sed
914 907 948 968 et
962 919 1056 968 necas
1070 903 1246 986 prolapsos,

119 990 143 1049 l.
163 985 204 1050 Et
225 1000 288 1050 cen
308 999 453 1049 rosarum
477 983 660 1066 pulcritudo
685 1004 738 1052 ru·
836 985 1105 1068 linctusdigncs
1122 985 1299 1054 iacientes.
1316 1035 1323 1052 .
1342 1035 1349 1052 .

199 1068 277 1134 tilat
785 1071 815 1132 4.
839 1071 1011 1136 Laetamur
1026 1071 1163 1152 gaudiis,

160 1153 333 1233 Inmagno
349 1150 474 1232 decore,
839 1153 927 1232 Quos
942 1153 1078 1220 redemit
1091 1156 1224 1222 verbum
1238 1153 1342 1236 patris

161 1236 203 1302 Et
216 1236 307 1302 sicut
321 1235 418 1301 arbor
432 1233 562 1300 odorem
837 1241 865 1304 A
881 1243 991 1304 reatus
1013 1239 1129 1321 laqueo
1149 1237 1243 1321 primi
1259 1237 1412 1322 parentis,
1500 1257 1505 1267 “

162 1320 254 1470 duffiil
272 1319 436 1469 {uallatur
459 1319 584 1386 nomine
607 1318 737 1388 cedrus:
836 1323 897 1471 Deli
918 1321 1007 1388 iussa
1029 1323 1210 1406 spernentis
1232 1329 1334 1390 anem
1353 1339 1413 1404 per

256 1423 276 1470 e
292 1454 300 1468 .
898 1405 988 1473 ostis.

117 1491 141 1552 3.
161 1489 281 1556 Omnes
296 1492 425 1570 gentes,
454 1505 534 1570 quas
550 1489 667 1555 creasti
683 1489 739 1556 do·
786 1493 815 1556 5.
837 1489 909 1555 Heu
918 1491 1046 1572 quando
1057 1489 1250 1574 paradysum
1262 1490 1412 1555 deserens

198 1573 299 1652 mine,
837 1574 920 1640 Exul
934 1575 1069 1640 venitin
1085 1573 1230 1640 exitiales

160 1655 283 1724 Laudis
308 1655 369 1723 tibi
388 1654 495 1722 ierant
508 1661 585 1722 vcta
599 1655 739 1737 sedulae,
839 1657 952 1723 Mundi
967 1659 1059 1725 istius
1075 1657 1214 1724 labcrest

160 1741 203 1807 Et
216 1739 402 1806 medullata
415 1741 600 1822 persolvant
787 1745 815 1807 6.
838 1741 1017 1808 Posthuma
1049 1741 1124 1808 hinc
1162 1739 1270 1824 proles
1310 1739 1412 1806 omnis

160 1823 320 1892 &datie
335 1829 466 1892 sancme
477 1823 739 1906 muneraincen·
879 1830 999 1903 rueret,

199 1928 275 1976 sum
838 1907 908 1974 Nisi
923 1907 1163 1974 hancincarne

159 1993 312 2059 drictum
328 2008 399 2056 eum
414 1992 518 2059 bubus
534 1997 567 2058 et
582 1991 689 2070 hircis,
838 1992 985 2058 Christus
998 1997 1094 2057 natus
1107 1990 1229 2058 levaret

160 2077 292 2144 Scilicet
318 2076 449 2158 ductor,
475 2075 587 2143 doctor
610 2079 644 2143 et
667 2093 740 2158 pre·
838 2075 882 2142 Et
895 2077 999 2159 prima
1014 2093 1131 2142 corona
1146 2075 1281 2142 vestiret

200 2167 307 2242 catur,
837 2160 882 2226 Et
895 2158 1158 2228 rursusinceelo
1174 2159 1354 2227 collocaret.

177 2285 202 2324 a
221 2267 323 2326 Text.
359 2269 449 2326 Morcl
464 2267 520 2324 No.
534 2271 578 2324 49.
595 2269 623 2325 S.
639 2271 682 2322 30.
699 2284 766 2323 aare:
783 2267 837 2323 Ha.
851 2285 888 2324 aa
903 2268 1069 2324 Einaiedcln
1084 2271 1127 2324 10.
1142 2268 1242 2325 satra
1257 2268 1285 2324 S.
1302 2270 1362 2324 680.
1379 2297 1413 2310 -

116 2337 196 2395 llerel
213 2339 273 2396 No.
295 2343 358 2395 107.
375 2340 405 2396 S.
424 2345 467 2397 64.
486 2341 537 2396 leat
555 2357 607 2395 aue
625 2339 699 2408 „Ha
718 2355 755 2394 aa
772 2341 813 2396 St.
834 2339 935 2396 Galles
952 2343 1006 2395 646
1024 2339 1170 2410 (Brandcr)
1189 2338 1237 2394 Bl.
1256 2344 1320 2407 318,
1342 2340 1414 2394 otae

119 2409 157 2464 die
173 2411 324 2468 Mclodid‘
342 2411 388 2466 dae
405 2411 462 2467 Str.
481 2415 553 2466 4-6
573 2412 616 2466 uls
635 2412 695 2466 ciac
713 2411 862 2466 desumere
880 2412 1013 2482 Sequens,
1031 2414 1083 2468 mit
1101 2413 1162 2468 dem
1174 2409 1294 2468 Beiauts
1314 2412 1346 2466 ia
1365 2412 1415 2468 der

117 2479 289 2539 Hundacltra
312 2482 521 2553 „sequentias
531 2483 650 2538 thlxeri
662 2481 768 2538 balbuli
787 2483 875 2538 tituli:
895 2484 928 2539 lu
942 2483 1115 2556 longitudine
1134 2481 1241 2540 dierum
1258 2481 1412 2542 canenda.“

180 2553 421 2613 thauma.
456 2559 482 2625 2,
501 2559 526 2611 3.
546 2553 714 2611 adcremll
752 2551 900 2624 (Dractf.)

520 2846 571 2910 86.
613 2841 782 2927 sequeutia
805 2841 841 2908 ia
856 2842 1016 2926 paschate.

339 2981 427 3047 Deus
442 2979 568 3046 locutus
584 2979 682 3044 estin
697 2979 808 3044 sancto
823 2995 895 3044 suu:

340 3063 506 3149 Expoliavi
519 3081 571 3130 me
585 3063 696 3129 tunica
709 3079 797 3142 mea3

343 3149 500 3230 quomodo
515 3147 631 3214 induar
643 3145 704 3213 eal

340 3231 383 3297 Et
396 3233 572 3300 altissimus
588 3231 678 3298 dedit
690 3247 801 3296 vocem
819 3245 927 3296 suam:

143 3359 149 3373 ·
260 3364 269 3379 .
339 3317 468 3400 Exurge
484 3317 587 3399 gloria
600 3333 681 3392 mea,

339 3403 468 3486 postula
481 3419 502 3467 a
515 3419 567 3466 me
582 3405 615 3466 et
630 3399 715 3466 dabo
729 3397 790 3466 tibi
804 3395 918 3480 regua!

342 3487 472 3569 Exurge
487 3485 590 3568 gloria
604 3483 691 3549 meat

341 3572 487 3651 Intende,
502 3586 654 3653 prospere
690 3563 806 3632 recede
821 3570 855 3632 et
868 3581 977 3647 regna,

202 3733 231 3747 Η
340 3585 689 3738 exurgegloriameaf
779 3733 786 3748 .
900 3732 949 3748 ..

127 3734 153 3794 3.
165 3730 282 3803 ΡΜ.
340 3740 448 3818 Pater,
464 3739 498 3804 in
512 3738 572 3803 hoc
585 3731 719 3819 cognovi
733 3751 810 3816 quia
823 3733 952 3800 voluistr
966 3750 1027 3814 rue,

341 3830 376 3890 et
390 3841 463 3888 ecce
478 3839 630 3904 exurgam
645 3818 795 3897 diluculo,

339 3912 506 3990 susceptor
520 3923 620 3987 meus,
635 3923 698 3969 non
712 3902 865 3968 movebor
879 3901 1026 3984 amplius,

345 3991 472 4075 suscipe
486 4007 537 4055 me
551 3991 585 4056 in
599 3989 702 4072 gloria
717 3992 784 4052 tna.

343 4077 448 4156 Pater,
465 4075 612 4141 exaltabo
627 4077 670 4152 te,
686 4070 835 4153 quoniam
850 4067 1016 4152 suscepisti
1031 4085 1091 4148 me,

342 4166 376 4228 et
389 4177 463 4226 ecce
477 4157 589 4225 astabo
604 4157 662 4223 tibi
676 4173 779 4233 mane,

344 4251 380 4311 tu
395 4249 502 4310 autem
517 4241 652 4309 Domine
667 4240 835 4321 susceptor
849 4253 938 4302 meus

345 4333 378 4395 et
392 4328 496 4394 adhuc
511 4332 615 4392 tecum
630 4343 700 4390 sum
714 4323 746 4388 in
762 4321 866 4404 gloria
880 4326 946 4386 tua.

269 4464 276 4480 .
345 4413 417 4493 Fili,
432 4417 469 4477 tu
485 4427 611 4494 semper
625 4425 749 4474 mecum
763 4405 864 4486 fuisti,

347 4503 381 4563 et
395 4496 501 4562 omnia
515 4512 588 4561 mea
601 4499 660 4560 tua
673 4496 755 4560 sunt.

345 4581 497 4647 Exaltm
512 4596 609 4661 super
626 4576 730 4644 coelos
744 4575 832 4641 Deus
858 4657 863 4672 ¹

351 4669 385 4731 et
400 4683 495 4748 super
510 4681 635 4733 omnem
650 4667 771 4730 terram
784 4657 887 4743 gloria
901 4663 967 4726 tua.

1176 4757 1224 4821 6*
