3234 5246
635 293 866 356 -411-

538 477 610 554 606.
653 468 706 536 De
725 489 751 534 s.
774 467 977 550 ffiaoaymo.

96 622 128 682 1.
160 611 307 695 Hymnus
322 607 428 675 laudis
444 607 512 672 Deo
528 605 622 672 detur

162 695 258 762 Dulci
272 712 345 760 cum
359 691 506 771 melodia,

163 780 274 847 Omnis
288 779 382 842 homo
397 779 566 841 veneretur

162 864 290 946 Inclyta
304 861 478 927 sollemnia.

97 972 132 1033 2.
163 964 269 1031 Hodie
284 980 379 1028 verus
394 961 551 1038 Israelita,

850 601 1066 668 Demolientea
1083 599 1208 665 vineam

851 687 978 750 Domini
993 683 1160 766 confregit,

849 770 1044 850 Plebemque
1059 769 1265 850 sanguineam

850 853 985 919 Domino
1002 854 1139 933 subegit.

162 1049 202 1114 In
217 1065 281 1130 quo
296 1045 388 1112 dolus
404 1063 467 1110 non
481 1051 532 1110 est
545 1045 701 1120 inventus,
802 1044 831 1106 9.
848 1038 931 1104 Dum
947 1039 1067 1103 Romae
1081 1035 1201 1101 clerum
1215 1037 1324 1118 arguit

162 1135 225 1200 Est
239 1136 420 1214 assumptus
435 1149 454 1194 a
468 1127 597 1192 mortali
613 1125 679 1192 vita

162 1217 330 1284 Heremita
345 1213 568 1296 Hieronymum

102 1325 135 1386 3.
164 1315 212 1383 Ut
226 1316 346 1382 Paulus
360 1332 437 1380 rone
456 1313 635 1396 prostratus

56 1464 61 1474 .
163 1401 293 1470 Domini
307 1398 452 1480 resipuit,

163 1486 217 1552 Sic
231 1484 447 1566 Hieronymus
461 1481 610 1562 plagatus

163 1569 274 1637 Vanos
289 1569 388 1634 libros
401 1566 535 1647 respuit.

105 1679 136 1738 4.
163 1671 214 1736 De
228 1668 318 1736 vania
334 1667 521 1734 verberibus

166 1753 289 1822 Studiis
303 1757 444 1829 vocatus,

164 1837 209 1904 Et
223 1838 351 1950 pascuis
366 1832 519 1900 uberibus

166 1923 195 1988 Α
210 1922 337 1988 bhrislo
352 1921 535 2002 deputatus,

166 2007 259 2074 Veris
272 2003 481 2070 facultatibus

166 2090 294 2173 Optime
308 2087 471 2165 fundatus,

165 2173 210 2240 Et
224 2173 349 2240 coelicis
365 2169 569 2252 dogmatibus

166 2258 290 2325 Glaruit
304 2256 427 2322 beatus.

110 2365 139 2427 5.
164 2357 226 2424 Hic
241 2357 413 2422 intantum
428 2357 549 2419 ceteros

164 2444 320 2508 Doctores
334 2438 524 2517 transilivit;

165 2525 257 2604 Quod
273 2525 486 2605 Hieronymus
502 2521 644 2600 nescivit,

166 2611 290 2676 Natura
305 2608 412 2674 nullus
427 2607 535 2684 scirit;

165 2695 278 2760 Almus
292 2711 366 2760 eum
380 2689 511 2774 spiritus

167 2777 341 2859 Scripturis
356 2775 504 2852 erudivit,

168 2861 212 2926 nt
225 2879 281 2946 per
295 2879 367 2928 eum
382 2859 537 2924 Dominus

166 2946 342 3012 Ecclesiam
356 2943 500 3010 sancivit.

114 3052 142 3115 6.
166 3046 227 3112 Hic
241 3047 354 3112 doctor
369 3039 567 3108 admirabilis

166 3129 322 3214 Splendor
336 3127 519 3213 patientiae,

165 3215 322 3282 Diadcma
335 3211 458 3295 gloriae

165 3301 272 3366 Decus
287 3297 503 3364 innocentiae:

165 3383 282 3450 Exstat
295 3382 443 3448 columna
456 3397 555 3446 aurea

167 3468 279 3535 Totius
293 3465 454 3543 ecclesiae,

165 3551 407 3618 Haereticorum
420 3547 556 3613 thaurea

166 3633 336 3716 Speculum
352 3633 550 3698 clementiae.

117 3741 144 3802 l.
167 3733 253 3801 Nota
266 3733 342 3800 iecit
359 3731 486 3815 populis

167 3816 228 3884 Utr
273 3835 313 3883 ue
327 3820 530 3894 testamenta,

167 3904 238 3985 ling
275 3903 339 3968 aris
354 3899 472 3982 lapidis

166 3987 288 4055 Stravit
303 3983 521 4051 fundamenta.

167 4070 219 4138 Sic
233 4070 397 4154 duplicata

167 4155 320 4220 Reddidit
332 4153 466 4230 talenta,

166 4239 315 4306 Salubria
329 4239 405 4304 dum
419 4230 537 4318 populo

166 4323 263 4390 Dedit
278 4323 478 4388 documenta.

118 4429 144 4490 8.
167 4423 327 4490 Dathedra
340 4418 543 4506 pestilentiae

166 4509 226 4576 Hic
241 4509 352 4574 doctor
365 4521 527 4588 nunquam
546 4501 634 4584 legit,

166 4594 228 4660 Sed
243 4593 341 4659 verbo
358 4607 395 4658 sa
415 4589 534 4655 ientiae

166 4675 358 4763 Vulpeculaa
373 4609 497 4756 clegit:

848 1121 952 1187 Luxui
967 1129 1142 1200 vacantem,

850 1206 899 1272 Ab
913 1205 993 1271 urbe
1008 1203 1160 1270 Sanctum
1175 1204 1294 1288 repulit

850 1290 1016 1372 Tanquam
1032 1287 1315 1370 blasphemantem.

784 1479 831 1540 10.
851 1474 912 1539 Hic
929 1473 1214 1539 excellentissimus

853 1559 946 1624 Vitae
962 1559 1142 1633 sanctitate,

852 1642 893 1707 Et
908 1643 998 1724 virgo
1016 1641 1205 1722 purissimus

852 1725 938 1792 Vera
956 1727 1114 1805 castitate,

851 1809 893 1874 Et
908 1809 1201 1876 abstinentissimus

851 1893 921 1958 Oibi
936 1893 1101 1974 parcitate,

851 1977 927 2044 Fuit
942 1983 975 2042 et
989 1976 1175 2042 mitissimus

851 2061 976 2128 Morum
991 2061 1170 2124 honestate.
1305 2135 1307 2141 .

784 2251 832 2312 11.
852 2243 996 2310 Stratum
1011 2243 1128 2308 durum
1143 2240 1266 2320 habuit,

852 2329 1000 2394 Diaetam
1016 2328 1129 2393 duram
1147 2324 1259 2404 tenuit,

852 2412 983 2496 Semper
998 2411 1162 2492 vigilabat,

852 2497 940 2562 latin
955 2503 1110 2578 quantum
1126 2493 1236 2570 valuit,

852 2581 988 2646 Carnem
1003 2579 1102 2644 menti
1118 2575 1272 2654 subdidit,

853 2665 968 2732 Studio
983 2663 1128 2730 vacabat.

785 2853 832 2914 12.
851 2847 972 2923 Pisces,
987 2846 1073 2912 eibos
1088 2845 1229 2910 carnium

850 2931 1020 3013 Nunquam
1036 2927 1226 3010 concupivit,

850 3013 961 3098 Neque
976 3015 1094 3080 lectum
1110 3013 1208 3078 alium

849 3100 951 3177 Quam
966 3105 1086 3166 terram
1100 3096 1154 3162 ille
1169 3095 1278 3162 scivit:

850 3183 929 3249 Diro
943 3200 1014 3248 curn
1029 3182 1131 3246 cilicio

851 3267 986 3334 Carnem
1002 3265 1048 3332 sic
1063 3263 1223 3339 contrivit,

851 3349 944 3429 Quod
958 3348 1123 3431 sanguinis
1139 3345 1251 3411 effusio

851 3436 889 3500 ln
905 3435 956 3500 die
971 3439 1021 3498 ter
1035 3431 1146 3500 abivit.

783 3626 831 3687 13.
850 3620 888 3686 In
902 3637 1005 3702 agone
1019 3615 1193 3702 praedicat,

849 3704 977 3770 Fideles
992 3703 1189 3777 corroborat,

849 3789 1014 3854 Perterret
1027 3791 1224 3868 peccatores:

850 3873 978 3940 Scelere
992 3871 1228 3944 commemorat,

852 3955 898 4024 Ut
911 3957 1048 4039 quisque
1061 3955 1161 4019 vitam
1176 3951 1316 4030 corrigat

850 4039 1018 4122 Sequendo
1034 4043 1162 4121 patrum
1177 4051 1291 4100 mores.

783 4251 831 4311 14.
848 4242 1091 4309 Haereticorum
1105 4235 1211 4306 iacula

849 4328 910 4392 Hic
925 4327 1035 4393 doctor
1050 4325 1119 4391 sine
1133 4319 1258 4388 macula

850 4411 1004 4477 Sollerter
1018 4407 1197 4476 hebetavit:

849 4495 926 4562 Post
941 4493 1102 4577 stupenda
1116 4489 1271 4556 miracula

849 4581 900 4644 nd
914 4579 994 4645 coeli
1008 4574 1193 4643 habitacula

849 4662 997 4730 Felicitan
1011 4659 1170 4742 migravit.
