3234 5246
717 319 948 386 -360-

183 501 212 563 2.
238 499 337 565 Ortus
351 497 458 564 Messe
473 497 601 564 civitate
855 504 883 564 6.
909 499 1017 564 Iesum
1033 501 1147 563 unctus
1161 495 1212 560 hic
1233 513 1250 560 e
1264 496 1352 562 coelo

237 581 360 648 Mariae
374 582 544 648 nativitate
909 581 1120 648 Praedicabat
1134 579 1226 645 Pauli
1242 580 1310 645 zelo

238 667 345 732 Nobili
360 667 526 748 prosapia:
911 667 1095 748 Helyaeque
1111 664 1240 746 spiritu:

238 751 321 816 Hinc
336 749 470 816 devotus
484 770 504 815 a
518 750 680 832 primaevo
912 747 957 814 Ut
972 749 1151 832 compuncti
1167 765 1301 828 reguum
1317 747 1375 812 Dei

239 835 339 916 Virgo
354 839 422 900 toto
438 835 556 900 mansit
570 853 648 901 aevo
910 835 1132 916 Assequautur
1147 849 1205 916 per
1219 831 1304 897 huuc
1318 831 1365 896 rei

237 917 379 999 Virginis
395 919 571 984 clementie.
911 917 1025 983 Mortis
1041 919 1082 982 ab
1098 915 1240 981 interitu.

185 1005 213 1065 3.
241 1001 322 1068 Orto
336 1019 432 1067 saeva
446 1007 537 1083 peste
553 1002 637 1067 senis
855 1003 885 1061 7.
912 999 1306 1066 Fenerantilurimoecbo

237 1085 480 1167 Languentibus
496 1087 529 1150 et
543 1085 652 1166 egenis
912 1084 1108 1164 Scelestique
1124 1083 1198 1150 Iesu
1214 1101 1328 1163 praeco

238 1169 366 1235 Iuvenis
381 1169 584 1250 obsequitur:
911 1168 999 1234 Nulli
1013 1169 1126 1250 palpat
1140 1167 1235 1232 vitia:

238 1253 393 1320 Eruditus
409 1253 529 1318 triviali
912 1253 964 1320 Sic
980 1255 1117 1317 micante
1134 1253 1248 1316 dextre
1263 1249 1382 1315 Christi

240 1336 381 1404 Scieutia
395 1337 527 1404 litterali
911 1333 1283 1402 Innumeraceduntisti

239 1420 381 1486 Ooelitus
397 1419 569 1502 perficitur.
912 1421 1075 1488 Scelerum
1091 1418 1225 1500 flagitia.

183 1511 213 1570 4.
239 1505 277 1570 Iu
292 1521 423 1570 excessu
438 1503 550 1570 crebro
565 1503 681 1569 mentis
856 1501 884 1562 8.
911 1503 975 1569 Our
989 1503 1129 1570 ambitur
1143 1501 1369 1586 praesulatus?

240 1587 317 1654 Cibo
332 1605 444 1654 somno
459 1606 587 1654 curnem
602 1587 741 1670 demptis
911 1587 961 1652 En
977 1587 1113 1669 amplius
1129 1587 1323 1652 sublimatus

238 1671 570 1738 Atteritetverbere:
911 1672 972 1738 llic
987 1672 1106 1754 estqui
1121 1677 1189 1737 tres
1204 1669 1326 1735 renuit:

239 1756 335 1823 Flens
352 1762 533 1839 prostratus
555 1755 629 1821 dum
649 1759 809 1838 precetur,
910 1755 1029 1821 Caecus
1045 1761 1149 1821 mutos
1164 1771 1278 1835 aegros
1293 1757 1427 1818 cunctos

239 1839 415 1908 Crucifixus
429 1841 514 1906 bunc
528 1838 644 1906 affatur
910 1841 1161 1920 Restuurmique
1177 1837 1344 1904 defunctos

239 1923 369 1990 Nudum
384 1925 489 1990 nudus
504 1942 648 2007 sequere.
910 1923 972 1988 Per
987 1923 1072 1988 bunc
1086 1923 1173 1988 Deus
1187 1919 1310 1987 annuit.

184 2007 212 2068 5.
239 2007 395 2074 Mundum
412 2027 574 2092 spernens,
596 2006 810 2092 opesfgenus,
856 2003 885 2062 9·
911 2007 1030 2072 Praeco
1045 2008 1132 2088 regis
1148 2011 1182 2071 et
1195 2007 1327 2070 lucerna

241 2091 307 2159 Sub
323 2091 494 2158 Francisco
508 2091 545 2157 fit
559 2109 679 2174 egenus
912 2089 1203 2173 Facspiremusad
1219 2106 1359 2170 superna

240 2175 300 2240 Die
315 2177 402 2257 quali
417 2176 575 2242 nescitur:
911 2175 999 2240 Dans
1016 2175 1066 2240 bic
1081 2173 1311 2256 patrocinium:

239 2259 376 2342 Moxque
392 2261 494 2341 primo
510 2259 567 2325 tali
583 2259 634 2324 die
910 2257 958 2325 Ut
972 2259 1096 2325 talenta
1110 2257 1203 2323 uobis
1219 2256 1295 2322 datu

240 2343 459 2409 Praedilectus
474 2342 525 2408 bic
540 2341 663 2408 Mariae
911 2341 1099 2409 Refereutes
1115 2341 1277 2424 duplicata

241 2426 567 2494 Celebrussedicitur.
912 2426 1074 2494 intremus
1089 2426 1122 2492 iu
1136 2426 1298 2508 gaudium.
1329 2421 1442 2488 Amen.

257 2533 353 2597 Tenet..
385 2533 670 2592 miscuerimus.
691 2537 767 2592 1520.

451 2862 521 2924 518.
565 2857 618 2924 De
638 2877 663 2923 s.
685 2857 895 2935 Bernardiuc
917 2858 1042 2924 ordinis
1061 2859 1230 2926 minorum.

199 2999 227 3056 1.
252 2990 485 3058 Berncrdiuum
501 2991 676 3058 salutemus
868 2996 897 3058 3.
925 2991 1062 3073 anum
1078 2997 1223 3058 sanctum
1237 2991 1298 3058 Dei
1313 2990 1431 3074 probat

252 3074 393 3142 Affectus
407 3075 558 3158 tripudio.
923 3076 1095 3160 Sanguinis
1109 3073 1230 3156 effusio,

250 3160 389 3225 (iberum
403 3159 471 3226 Deo
490 3159 671 3226 invocemus
922 3160 984 3226 Per
999 3161 1082 3225 huuc
1097 3160 1232 3226 multum
1248 3161 1417 3226 decoratur

248 3243 311 3310 Pro
327 3244 379 3328 pio
395 3243 566 3326 praesidio.
923 3244 1082 3310 Minorum
1097 3245 1220 3326 religio.

866 3331 895 3393 4.
921 3327 1009 3410 Ergo
1024 3328 1136 3396 laudes
1151 3328 1349 3395 Beruardino

193 3419 222 3478 2.
249 3409 358 3494 Ipsum
373 3409 526 3478 mundum
543 3411 752 3494 perlustravit
922 3409 1076 3478 concinat
1091 3413 1169 3478 baec
1184 3413 1303 3493 concio,

247 3494 374 3562 Ardens
390 3495 595 3579 praedicatio,
867 3559 874 3568 ,
920 3495 1037 3562 Omnes
1052 3502 1258 3580 sonabatque
1274 3498 1362 3561 iuvat

248 3579 348 3658 Quem
364 3579 404 3645 de
419 3581 515 3646 terris
533 3577 720 3645 sublimauit
919 3578 1011 3645 lllins
1027 3575 1139 3660 oratio,
1195 3591 1197 3598 ’

247 3664 285 3730 ln
302 3664 382 3729 coeli
398 3664 543 3745 collegio.
919 3661 1021 3730 Corde
1037 3666 1065 3730 si
1080 3665 1231 3748 poscitur.
1263 3663 1373 3729 Amen.

262 3789 288 3828 a.
307 3771 399 3827 Text.
436 3771 514 3829 Miss.
532 3771 612 3826 fratr.
631 3769 720 3827 Paris.
740 3771 817 3826 152&

262 3858 289 3914 b.
308 3857 489 3915 Lesarten.
526 3862 552 3928 2,
573 3862 596 3912 1.
615 3857 725 3914 mundo.
745 3857 823 3914 Miss.

736 4047 934 4056 *-

557 4197 629 4258 519.
672 4191 725 4258 De
745 4211 770 4258 s
794 4191 987 4258 Bonaardo
1009 4191 1127 4258 abbata

191 4309 271 4378 (Gelo.
290 4311 360 4364 1091
380 4311 435 4380 aas
450 4309 511 4366 dem
530 4309 656 4366 Scblosse
674 4307 1012 4449 Fontaggesjcissljen,
1036 4314 1104 4378 pest.
1123 4310 1167 4362 20.
1186 4308 1259 4380 Any.
1278 4311 1357 4378 1153,
1381 4309 1493 4364 cerebra

806 4422 812 4434 .
859 4397 903 4451 up.

195 4509 221 4570 1.
247 4503 336 4570 Bone
350 4501 462 4569 doctor
862 4508 891 4568 2.
918 4502 982 4568 Fac
996 4506 1127 4584 gustare

246 4587 289 4654 Et
303 4587 417 4654 salutis
432 4589 503 4654 viae
518 4585 641 4667 ductor,
918 4585 1077 4652 Coelestie
1091 4593 1126 4652 et
1140 4603 1259 4669 amare,

246 4671 483 4739 OBembarde.
918 4669 1158 4736 OBerubarde.
