3240 5224
715 293 757 346 '-
800 299 944 365 320-

183 487 211 548 7.
238 483 337 562 Felix,
352 485 471 563 Nabar,
488 483 521 547 hi
536 501 607 549 anm
623 481 726 549 tribus

239 567 344 648 Magis
361 569 438 634 urbs
457 569 666 645 sanctissima,

237 651 282 716 'i'e
298 661 431 717 intentur
445 652 548 716 tribus
563 653 679 732 quibus

237 735 342 800 Pollae
359 737 580 800 sarrrosissirua.

854 489 884 548 8.
910 481 956 548 Ut
970 483 1144 563 vobiscum,
1161 481 1388 566 supplicamns,

910 567 1042 633 Patroni
1056 568 1196 650 propitii,

910 651 1055 716 Gloriosa
1074 669 1279 732 resurgamus

909 737 944 799 In
961 736 1012 800 die
1026 736 1144 800 iudicii.

251 861 276 896 a.
297 843 319 894 Γ
326 850 391 896 ent.
411 845 487 900 ilisa.
508 845 601 900 Coion.
626 848 691 898 1504
710 844 764 912 (A).
784 845 885 899 Daniel
904 845 938 913 ΙΙ,
958 849 1018 901 203.
1039 845 1108 898 obire
1127 843 1244 915 Arrpube
1262 845 1311 898 aar
1322 843 1417 914 Qualia
1427 841 1483 913 (Β).

251 933 277 985 b.
297 931 480 986 Lesrrrten.
518 935 543 1002 6,
562 936 587 986 2.
608 932 707 1003 Etypn.
727 933 759 988 A.
781 963 813 973 -
833 936 858 1000 6,
878 937 902 988 3.
922 933 1069 1004 Hypolitus
1088 935 1121 988 A.
1141 963 1174 972 —
1193 937 1219 1002 8,
1240 937 1265 987 2.
1284 933 1400 1004 propicii
1419 934 1453 986 A.

450 1227 521 1286 451.
567 1221 607 1287 In
622 1223 708 1304 festo
730 1223 832 1288 derant
854 1223 989 1287 rnilitum
1012 1222 1207 1304 Martyrum.

184 1355 210 1418 i.
239 1353 400 1418 tilorietur
415 1361 501 1421 totus
521 1356 656 1422 nnmdus

241 1439 274 1500 ln
295 1445 467 1520 ritartyrnnr
486 1441 651 1506 sollemnia

240 1522 362 1587 (iberus
379 1530 484 1588 carnei
502 1523 713 1589 laetabundus

238 1605 298 1668 Per
314 1607 447 1672 rnilitum
464 1607 625 1689 suffragia.

184 1693 211 1750 2.
240 1689 350 1753 Honor
366 1697 474 1756 tantas
490 1693 532 1758 sit
548 1693 619 1770 diei,

240 1774 276 1836 In
293 1791 353 1854 qno
369 1777 469 1840 sancti
484 1777 601 1841 milites

242 1857 374 1940 Propter
389 1859 516 1925 laudem
531 1861 603 1925 Iesu
621 1859 737 1926 Christi

240 1941 322 2006 Sunt
338 1942 438 2008 effecti
456 1949 622 2024 martyres.

184 2025 211 2086 3.
240 2023 284 2089 Ut
299 2027 445 2106 gigantes
462 2028 493 2092 hi
511 2034 670 2093 steterunt

240 2109 353 2174 Fortes
369 2129 473 2174 corani
490 2129 628 2176 caesare.

240 2194 408 2274 Sapienter
426 2196 659 2274 respornierunt

241 2278 282 2341 Se
299 2279 401 2341 Deum
417 2297 512 2340 unuin
530 2279 642 2342 colere.

188 2359 212 2418 i.
241 2359 416 2424 Sirnuiaora
432 2381 493 2424 non
509 2379 667 2439 curamue,

240 2443 291 2507 Sia
308 2443 461 2508 tiixerunt
471 2445 599 2509 milites.

240 2529 341 2590 Deum
358 2547 467 2593 verum
482 2529 663 2608 aderamno,

241 2611 300 2687 Qui
317 2617 366 2676 est
381 2613 553 2678 electorum
569 2631 653 2694 spes.

856 1361 884 1420 5.
911 1357 969 1420 His
985 1357 1103 1420 auditis
1117 1356 1277 1420 Adrianus

911 1441 948 1504 In
963 1441 1079 1506 eleetos
1098 1439 1237 1504 irernuit.

905 1525 953 1670 ξι
968 1524 1135 1588 tormentis
1151 1523 1296 1605 piurimis
1311 1522 1370 1586 hos

922 1609 1077 1688 ⁴iapeliati
1095 1607 1258 1688 praecipit.

856 1697 883 1756 t.
910 1691 1079 1772 Fiagoilati
1092 1697 1166 1757 sunt
1182 1691 1266 1756 beati

910 1776 990 1841 Fere
1007 1777 1115 1840 decem
1130 1775 1228 1852 milia,

910 1860 953 1926 Et
969 1859 1128 1924 ducuntur
1142 1875 1239 1940 supra
1256 1861 1396 1922 montem

911 1944 960 2008 Ad
975 1943 1077 2007 erucis
1092 1943 1255 2024 supplicia.

856 2035 884 2092 7.
911 2025 1058 2092 crucifixi
1073 2031 1148 2091 sunt
1162 2025 1249 2091 beati

911 2110 998 2175 Bene
1014 2115 1085 2174 octo
1100 2111 1197 2189 inilia,

912 2195 974 2259 Alii
990 2213 1099 2259 omnes
1114 2201 1189 2258 sinit
1203 2192 1301 2257 deleti

912 2279 949 2342 In
964 2277 1082 2342 montis
1098 2276 1277 2342 cavernula.

858 2369 885 2427 8.
912 2362 1003 2427 Nune
1018 2362 1150 2426 subnixe
1166 2359 1372 2442 imploramus

914 2447 1091 2528 Martyrum
1109 2445 1275 2522 levamina,

916 2527 961 2594 Ut
974 2530 1115 2594 locamur
1131 2546 1202 2594 eum
1218 2527 1322 2593 beatis

914 2612 952 2678 In
968 2619 1100 2678 aeterna
1114 2612 1241 2694 gaudia.

254 2735 279 2774 a.
300 2718 397 2775 Teati.
435 2721 514 2775 Miss.
544 2720 623 2790 Prag.
652 2721 728 2776 1507.
765 2719 822 2774 Die
846 2719 995 2788 Absctnyt
1020 2720 1159 2776 tardando
1181 2721 1228 2774 iob
1251 2719 1288 2773 Η.
1309 2718 1413 2774 Hasek.
1450 2747 1486 2758 -

183 2790 283 2845 Daniel
303 2791 339 2853 ΙΙ,
358 2796 419 2847 204.
439 2793 489 2846 irat
507 2793 615 2847 darana
634 2793 679 2846 die
697 2796 722 2846 1.
741 2789 808 2859 Str„
827 2791 972 2847 biammert
991 2793 1057 2847 aber
1076 2793 1127 2848 mit
1145 2791 1234 2847 Reobt
1253 2791 1281 2845 in
1301 2790 1359 2846 etad
1371 2805 1420 2860 per
1430 2791 1486 2845 eia.
1604 2843 1605 2870 y

257 2879 282 2933 b.
302 2878 490 2936 Lasarten.
528 2885 553 2952 8,
574 2885 597 2936 l.
618 2882 645 2935 in
659 2881 742 2950 fehlt.

736 3022 933 3031 ...ια-..ῃ-

452 3121 522 3180 452.
566 3117 619 3180 De
640 3117 757 3182 eutrotia
778 3117 880 3183 derant
901 3114 1042 3180 millib-us
1063 3115 1208 3178 enititum.

210 3255 236 3313 1.
256 3251 435 3316 Corrcentus
451 3269 510 3316 vor
525 3251 633 3317 iubilei

256 3335 462 3402 Solennisnns
477 3353 588 3418 regum
604 3337 671 3416 regi

256 3419 408 3484 Penetret
423 3420 588 3485 coelestia:

256 3503 448 3568 Duioescant
462 3505 494 3567 in
511 3523 588 3569 aure
605 3504 663 3569 Dei

254 3587 387 3664 Meduli,
403 3606 482 3668 quos
497 3587 590 3652 offert
603 3589 632 3652 ei

253 3669 396 3736 Militans
412 3671 554 3736 ecelesia.

206 3755 235 3818 2.
254 3755 394 3820 Verbum
410 3771 494 3830 earo,
511 3757 603 3836 panis
620 3755 719 3836 vivus,

255 3839 375 3902 Auctor
389 3838 485 3918 vitae,
504 3840 585 3904 coeli
599 3840 710 3920 olivus,

253 3925 322 3987 Rex
337 3927 370 3987 et
386 3922 432 3987 sol
449 3923 609 3988 institiae:

254 4006 386 4071 'fractos
403 4008 443 4072 ab
460 4013 592 4072 aeterna
609 4009 660 4074 lue

254 4090 434 4156 Sectatores
445 4089 521 4156 fecit
535 4109 612 4156 suae

255 4173 411 4254 Martyres
427 4175 588 4240 victoriae.

207 4253 234 4322 3.
254 4256 324 4331 Qua
339 4277 424 4322 mors
438 4260 535 4323 vitam
553 4259 725 4338 superauit,

256 4341 430 4405 Humilitas
446 4343 641 4421 expugnavit

254 4425 433 4504 Principem
450 4423 633 4505 superbiae:

255 4509 324 4573 Hae
339 4509 444 4590 palma
459 4507 559 4571 millia
574 4508 683 4573 decem

255 4591 394 4658 Evasere
408 4591 517 4657 mnndi
534 4589 655 4657 faecem

254 4675 436 4758 Letumque
452 4678 611 4744 miseriae.

878 3261 906 3318 4.
926 3251 1062 3316 Frustra
1076 3251 1187 3330 sarvie,
1203 3249 1353 3325 Adriane,

926 3335 1012 3412 Quos
1028 3335 1169 3399 trucidas
1184 3333 1365 3410 inhumane,

927 3419 1054 3486 Caritas
1069 3417 1223 3483 vivificat:

926 3503 1011 3568 Crux
1026 3501 1195 3566 adversum
1210 3507 1243 3566 te
1257 3501 1394 3570 laborat,

924 3587 1062 3651 Mundus
1079 3586 1206 3660 clamat,
1221 3583 1353 3665 sangnis
1365 3585 1482 3665 ploret,

925 3672 991 3736 Lex
1005 3672 1149 3735 insontes
1165 3669 1325 3734 vindieat·

878 3757 906 3818 5.
927 3755 1057 3820 Summa
1071 3759 1121 3819 tot
1135 3758 1317 3818 consortum
1333 3749 1392 3817 Dei

926 3837 1121 3918 Contingens
1135 3837 1168 3902 in
1183 3841 1260 3918 typo
1275 3836 1322 3900 rei

925 3922 1097 3986 Praetaxat
1113 3921 1316 4001 mysterium:

926 4005 1065 4089 Lapsum
1080 4006 1259 4085 reintegrat
1273 4003 1405 4068 chorum

926 4090 1012 4156 Deus
1028 4108 1086 4170 per
1100 4093 1150 4153 tot
1164 4089 1364 4152 millenarum

926 4173 1100 4238 Numerum
1117 4173 1292 4237 denarium.

878 4256 905 4321 6,
926 4257 1077 4338 Decalogi
1093 4256 1191 4321 ieret
1207 4257 1284 4321 ordo

925 4341 1082 4407 Psalterio
1097 4339 1295 4404 decachordo

926 4425 1127 4507 Gouorepant
1141 4424 1331 4488 harmonice.

924 4509 1051 4574 Gaudet
1065 4527 1154 4573 mans
1171 4514 1204 4574 et
1218 4508 1337 4588 lingua,
1354 4505 1429 4586 qnia

924 4593 1046 4658 Neutra
1061 4597 1147 4657 earet
1161 4591 1348 4673 symphonia

925 4675 1015 4742 Fidei
1031 4675 1216 4742 catholicae.
