3240 5224
702 231 931 295 -336—

173 409 202 470 2.
228 402 397 474 eastitatis
411 407 514 474 lilium

229 491 313 557 Olim
329 491 516 558 custodistis

228 574 364 660 Propter
377 575 437 642 Dei
451 575 577 656 Filium,

229 657 286 724 Orsi
301 659 478 742 placuistis,

228 741 394 825 Templum
410 743 518 810 Sancti
533 742 673 826 Spiritus

229 826 311 892 Esse
326 827 489 906 voluistis;

227 909 346 976 Tactus
361 917 395 976 et
408 907 593 977 concubitus

228 993 306 1060 Ideo
321 993 458 1076 fugistis

174 1248 203 1308 3.
228 1245 323 1312 Flore
337 1245 510 1328 pudicitiae

233 1329 369 1395 Vestrae
386 1332 558 1409 reservato,

233 1411 378 1480 Cornelis
391 1413 542 1479 lasciviae

231 1497 324 1564 Motu
338 1495 508 1576 refrenato,

229 1581 350 1648 Debito
366 1580 545 1646 mundicias

230 1665 378 1730 Praemio
394 1665 512 1730 donato

229 1749 388 1815 desidetis
405 1748 510 1814 sociae

230 1832 390 1915 Virginali
406 1832 499 1898 Nato.

843 412 872 472 l.
899 407 971 474 Non
985 407 1063 474 estis
1079 406 1119 472 de
1135 405 1242 486 istuis,

899 491 989 570 Quae
1003 510 1074 559 cnm
1089 492 1176 556 vasis
1191 491 1300 556 vacuis

900 575 1062 642 Christum
1077 576 1331 658 praestolantur:

900 661 1001 724 Immo
1016 659 1055 724 de
1069 658 1288 742 prudentibus,

900 743 989 821 Quae
1003 743 1105 824 plenis
1120 742 1322 824 lampadibus

900 827 988 892 Bone
1002 835 1247 909 praeparantur.

845 911 874 970 5.
901 911 1012 977 Fatnis
1027 909 1204 991 virginibus

900 994 980 1061 Oleo
992 995 1174 1060 carentibus

901 1077 1044 1161 Sponsus
1058 1082 1109 1144 est
1123 1078 1285 1143 dicturus:

901 1163 1001 1228 Vobis
1015 1179 1078 1228 non
1094 1162 1244 1242 aperiam,

899 1245 1079 1312 Prudentes
1092 1245 1244 1327 recipiam

902 1329 1081 1394 Praemium
1097 1330 1242 1396 daturne.

847 1409 875 1474 6.
901 1413 951 1492 Ν.,
967 1412 1057 1494 virgo
1071 1411 1261 1490 ueneranda,

903 1495 1001 1562 (iuius
1016 1495 1098 1562 testa
1113 1493 1306 1562 celebranda

901 1580 1079 1646 Rediernnt
1092 1597 1209 1658 annua,

903 1665 1012 1744 Casta,
1027 1663 1166 1747 prudens
1181 1665 1215 1726 et
1229 1661 1343 1740 fidelis,

903 1748 1005 1814 Nobis
1020 1749 1191 1832 impetrare
1206 1745 1285 1810 velis

903 1831 1029 1898 Gaudia
1044 1837 1209 1916 perpetua.
1239 1831 1351 1895 Amen.

241 1957 266 1995 a.
285 1940 380 1996 Text.
417 1941 496 1996 Miss.
515 1939 594 2026 iratr.
613 1939 701 1995 Paris.
724 1941 793 1994 1520
811 1939 863 2026 (A).
883 1971 917 1982 -
947 1941 1036 1997 Neela
1054 1958 1081 2010 p.
1100 1943 1161 1996 243.
1181 1954 1196 1994 a
1215 1939 1293 1994 Miss.
1312 1935 1476 1992 Redonensi

172 2013 240 2068 1523
259 2011 303 2082 (Β)
323 2020 352 2067 at
369 2012 546 2068 Narbonensi
566 2013 635 2066 1528
654 2011 704 2080 (Ο).
724 2038 758 2050 -
776 2010 878 2066 Daniel
896 2012 931 2082 V,
950 2015 1011 2068 346.
1030 2012 1080 2067 bot
1099 2013 1152 2066 deo
1170 2009 1241 2065 Text
1261 2025 1313 2064 cus
1333 2007 1432 2064 Neale.

240 2099 267 2154 b.
286 2097 472 2154 Lesurtcn.
511 2103 535 2168 1,
553 2101 578 2154 6.
598 2097 765 2154 sublimatae
784 2097 816 2152 B.
835 2128 870 2140 -
888 2101 906 2154 4
923 2099 942 2155 i.
956 2099 1053 2169 sabim
1070 2101 1102 2153 iu
1120 2099 1177 2168 AG,
1205 2097 1293 2168 dassia·
1310 2097 1384 2153 stebt
1400 2097 1474 2154 ὑοῦ

165 2169 297 2240 soluendo
315 2168 558 2239 ScMroesstroplre:

569 2257 624 2316 Ubi
643 2257 738 2327 sponsi
757 2257 897 2314 consortia

567 2330 719 2400 Amplexus
738 2335 766 2384 et
784 2329 884 2384 solatia

568 2403 706 2458 Obtinetis
723 2400 753 2455 in
772 2400 875 2470 requie.

566 2473 611 2529 Ad
630 2487 711 2542 quam
729 2469 793 2528 iona
811 2469 1000 2540 indulgentiae

566 2545 626 2602 Nos
644 2543 778 2613 perducat
795 2547 861 2612 post
877 2541 977 2598 anxiae

567 2616 650 2671 Vitae
668 2615 751 2669 huius
769 2613 862 2668 stadia

568 2687 623 2740 Per
640 2693 733 2742 restra
750 2683 893 2756 suffragia
928 2685 1026 2741 Amen.

382 2947 453 3009 479.
498 2939 540 3004 In
560 2942 718 3006 coarmari
738 2941 837 3008 unicas
856 2941 991 3025 camois
1010 2961 1076 3007 aon
1096 2942 1258 3026 martyris.

175 3083 202 3141 1.
230 3075 278 3140 De
292 3074 430 3156 quinque
445 3073 657 3156 prudentibus

229 3159 388 3224 (lanamns
403 3157 599 3240 Virginibus,

229 3241 320 3321 Quae
335 3249 541 3327 sumpserunt
554 3245 670 3326 oleum,

228 3325 370 3404 Quarum
385 3345 496 3394 carnes
515 3345 656 3412 azymae,

227 3411 271 3477 Et
284 3411 394 3477 fideles
410 3412 536 3479 animae

225 3495 421 3562 Exultarnnt
434 3497 468 3562 in
484 3497 596 3563 Deum.

171 3624 200 3684 2.
225 3619 349 3686 Harum
365 3639 490 3688 summa
504 3622 626 3704 gloriae

225 3704 320 3770 Nitor
335 3705 559 3778 conscientiae,

225 3787 359 3854 Nnbunt
373 3789 455 3856 Filio
471 3789 547 3854 Dei:

225 3869 272 3937 Ut
286 3871 406 3940 Rachel
421 3873 576 3940 amabiles

225 3954 268 4020 Et
282 3955 512 4024 desiderabiles

224 4037 325 4106 Totae
340 4039 444 4108 iactae
460 4045 537 4108 snut
550 4041 589 4106 ei.

171 4171 200 4231 3.
227 4163 353 4244 agnum
369 4163 528 4247 Sponsum
542 4165 720 4248 Virginnm

223 4248 331 4313 Iesum
347 4246 509 4315 Christum
523 4249 694 4316 Dominum

900 3078 1092 3158 Sequuntur,
1103 3095 1166 3159 qno
1182 3077 1270 3142 ierit:

899 3161 1024 3226 Novum
1038 3165 1169 3226 cantant
1183 3161 1352 3240 canticum,

901 3243 1070 3323 (lodicum,
1085 3243 1272 3325 angelicum.

901 3328 993 3406 Quod
1008 3329 1154 3393 miranda
1169 3326 1291 3392 lecerit.

844 3413 873 3474 4.
898 3411 999 3478 Albas
1015 3411 1171 3478 habentes
1187 3411 1298 3486 stolus,

899 3495 1022 3561 Aureus
1038 3497 1193 3575 aureolas,

900 3581 1022 3661 Sponso
1038 3580 1164 3662 placent
1181 3579 1370 3660 plnrirnum;

899 3661 1011 3728 Nescit
1024 3663 1117 3728 homo
1133 3664 1270 3745 pretinm

900 3747 995 3812 Vitae
1009 3749 1247 3826 continentium,

900 3829 963 3908 Qui
977 3831 1010 3895 in
1026 3837 1113 3896 terra
1128 3831 1217 3910 vivit,

899 3915 1004 3982 Suave
1018 3914 1192 3980 viventium

901 3999 987 4064 Grex
1001 3998 1105 4065 fidelis
1120 3999 1259 4064 omnium

899 4082 1067 4165 Virginum
1082 4082 1142 4148 hoc
1158 4082 1261 4161 scivit,

898 4163 961 4241 Qui
975 4171 1108 4233 errorent
1122 4165 1293 4230 Dominum

899 4248 962 4315 Pro
977 4249 1082 4317 salute
1097 4249 1268 4315 hominnm.
1298 4248 1409 4314 Amen.

239 4353 334 4410 Text.
371 4355 460 4412 Neale
476 4373 504 4427 p.
522 4360 584 4413 245.
603 4372 619 4412 e
636 4357 715 4414 Miss.
734 4355 892 4416 Redonensi
912 4361 989 4414 1523.
