3210 5230
639 295 870 369 -hl'l-

128 491 157 552 t.
177 481 535 566 congregatiunculas
847 483 988 564 Quarum
1006 499 1079 548 ossa
1093 487 1201 549 terrac
1216 481 1344 564 dantur,

175 567 326 650 Virgines
341 569 400 634 sub
415 567 544 634 milibus
846 565 890 633 Et
903 568 936 631 in
952 567 1070 632 tumbis
1086 567 1282 632 collocantur

177 649 348 718 Ooolluunt
363 651 516 718 undenis:
848 649 927 716 Gom
942 651 1065 731 ingenti
1080 649 1207 731 gaudio.

176 735 300 801 Doctae
314 733 374 800 Dei
388 752 529 809 munere,
800 739 828 803 9.
847 733 1257 815 Laodesergovirginibus

177 817 310 886 Romam
326 823 464 915 pergunt
478 835 613 902 propera
848 817 1059 884 Personemus
1073 824 1123 884 tot
1137 818 1267 884 milibus

178 901 331 969 Vultibus
350 919 483 968 serems.
848 901 934 970 Voce
949 901 1051 967 clara:

131 994 159 1053 t.
177 984 241 1052 Ubi
257 991 383 1052 sanctos
397 987 591 1066 invocantes,
849 983 973 1062 Quibus
988 985 1084 1050 dator
1100 985 1290 1053 coelestibus

178 1069 299 1153 Papam
315 1069 375 1134 sibi
391 1071 549 1135 sociantes
850 1068 962 1136 Choria
976 1069 1186 1136 iubilantibus

178 1153 322 1220 Veniunt
338 1152 518 1220 Coloniam:
848 1153 933 1218 Laus
950 1153 1123 1234 praeclara.

178 1239 216 1306 In
231 1241 386 1319 quaeunt
401 1237 441 1302 ab
457 1237 582 1302 Hunnis
598 1251 719 1316 caesae,
783 1241 831 1306 10.
852 1236 923 1303 Hae
939 1236 1073 1320 puellae,
1089 1237 1164 1302 lesu
1177 1234 1269 1316 bone,

182 1321 309 1401 cultris,
327 1340 412 1398 cnse,
431 1321 504 1387 telis
519 1321 633 1398 laesae,
849 1320 949 1388 Nobis
965 1337 1090 1403 semper
1105 1320 1170 1386 sint
1184 1325 1338 1402 patronae

179 1407 248 1472 Deo
263 1405 376 1470 dantes
392 1403 536 1485 gloriam.
851 1403 971 1470 Contra
985 1421 1130 1486 quaeque
1146 1405 1256 1469 noxia:

131 1495 162 1556 8.
181 1489 317 1572 Oqoam
332 1497 460 1555 sanetae
479 1487 713 1570 praedicantur,
851 1487 898 1554 Ut
913 1493 986 1570 post
1000 1489 1094 1554 huius
1111 1488 1195 1553 vitae
1211 1505 1338 1554 cursum

180 1573 300 1640 Hostes
317 1572 404 1638 urhis
420 1573 495 1637 dom
509 1569 662 1654 fugantur
853 1571 1048 1638 Coronemur
1063 1589 1134 1637 cum
1150 1571 1199 1638 his
1214 1588 1350 1652 sorsum,

178 1655 275 1723 Brevi
289 1655 392 1723 noctis
406 1657 528 1738 spatio:
851 1655 891 1722 In
905 1656 1035 1722 coelesti
1049 1655 1165 1738 patria.

107 1835 148 1892 Β,
174 1763 275 1892 fazet.
309 1763 400 1822 Morel
417 1763 470 1822 No.
488 1766 548 1820 561.
566 1763 596 1818 S.
615 1765 669 1818 317
695 1777 761 1818 aar:
786 1761 839 1820 He.
858 1779 895 1820 ru
912 1761 953 1821 St.
973 1763 1074 1820 Gallam
1100 1761 1154 1821 No.
1171 1765 1225 1822 546
1251 1761 1407 1835 (Brundar),

660 2005 859 2018 unua-nnn*

470 2173 541 2236 861.
584 2165 636 2236 Dc
656 2189 698 2236 aa.
727 2156 847 2238 Ursulo
867 2187 938 2237 oum
958 2171 1062 2236 accim

112 2322 141 2382 1.
174 2313 290 2396 Magne
303 2311 399 2390 Deua,
414 2309 580 2391 mirabilis,

174 2397 211 2464 In
227 2397 348 2464 sanctis
363 2395 428 2462 tuis

176 2481 237 2561 Qui
251 2479 378 2546 infirma
390 2477 500 2544 mundi
516 2476 617 2558 eligis,

174 2565 285 2632 Fortia
299 2581 446 2647 quaeque
460 2559 636 2628 contundis.

110 2672 142 2733 2.
176 2665 249 2731 Tibi
263 2663 322 2730 soli
339 2663 436 2746 digna
498 2682 500 2687 ·

175 2747 322 2814 Laudum
335 2746 546 2830 persolvimus
560 2743 740 2826 praeconia.

176 2831 247 2898 Tua
261 2833 381 2897 virtute
394 2832 491 2897 turba
504 2829 649 2912 virginea

177 2915 279 2982 Hoste
293 2914 417 2981 devicto
432 2913 495 2980 lert
508 2913 671 2996 trophaea.

111 3025 144 3088 3.
178 3017 278 3084 Fovet
292 3017 407 3082 chorus
417 3033 501 3081 nnnc
515 3013 588 3079 illas
603 3011 762 3094 syderum,

177 3101 299 3166 Premit
312 3100 396 3166 hunc
410 3116 519 3166 carcer
533 3102 705 3163 tartareus.

178 3184 341 3251 Victoriae
355 3183 434 3250 haec
448 3187 523 3249 sunt
537 3179 721 3266 primordia,

179 3269 228 3336 De
243 3267 364 3350 nuptiis
377 3267 415 3333 fit
428 3285 540 3349 regum
554 3263 731 3330 concordia.

115 3377 147 3439 l.
177 3369 260 3436 Nam
274 3365 402 3449 Ursule,
417 3367 595 3434 Brittorum
608 3363 675 3430 filia

181 3453 312 3520 Stabiht
326 3469 384 3518 sua
399 3453 445 3517 sic
460 3451 630 3535 sponsalia,

181 3535 227 3603 Ut
240 3537 367 3602 undena
381 3536 464 3602 lecta
478 3535 566 3600 milia
582 3533 726 3614 virginea

181 3620 295 3686 Secum
310 3619 430 3686 vadant
444 3620 485 3686 ad
502 3617 661 3685 eoelestia.

118 3731 149 3790 5.
185 3723 274 3788 Casti
289 3721 357 3788 ludi
372 3723 446 3788 dum
461 3720 712 3804 frequentantur,

184 3806 373 3872 Germaniae
386 3807 544 3888 portubus
558 3805 669 3870 classis
683 3804 729 3870 sic
744 3802 926 3885 appellitur.
1054 3869 1057 3876 ,

183 3890 346 3972 Cisalpina
359 3889 487 3956 tandem
502 3890 614 3954 littora
629 3887 731 3952 Rheni
746 3893 903 3969 premunt,

184 3974 312 4040 Trieres
327 3973 489 4054 deserunt,
504 3971 690 4040 Romuleam
704 3989 811 4037 arcem
825 3972 953 4037 adeunt.

120 4087 151 4146 6.
184 4073 270 4138 Hinc
283 4091 381 4139 naves
395 4072 498 4140 Rheni
513 4077 597 4150 sunt,
612 4077 646 4137 ct
660 4071 712 4136 via
726 4070 865 4137 mirabili

183 4157 239 4238 Te,
255 4155 390 4237 Christe,
407 4157 566 4239 praeduce
580 4155 744 4221 Coloniam
758 4171 860 4236 usque
874 4155 1018 4224 redeunt.

184 4239 270 4318 Quas
286 4239 379 4306 obvia
392 4239 477 4306 felici
491 4257 568 4306 nece
583 4239 641 4306 das
655 4257 733 4320 gens
748 4238 895 4304 barbara.

185 4325 249 4392 Sed
263 4324 410 4391 victrices
424 4325 484 4390 has
499 4341 634 4408 sponsus
650 4323 754 4388 evexit
767 4323 810 4388 ad
824 4322 965 4390 aethera.

121 4433 151 4492 7.
186 4423 213 4491 Ο
228 4442 324 4506 quam
339 4424 437 4508 digna
450 4423 556 4506 palma
569 4423 737 4504 virginum,

184 4507 338 4575 Fructum
352 4507 460 4574 lerunt
473 4527 547 4578 nam
563 4507 779 4586 centesimum,

185 4591 374 4676 Novumque
388 4593 546 4658 canticum

184 4675 358 4743 Resultam
371 4678 446 4758 agni
459 4681 532 4761 post
545 4675 730 4760 vestigium!

163 4778 272 4832 Μ
284 4775 418 4830 &sm
