3210 5230
676 308 908 373 -543-

143 490 262 560 plinium.
300 489 457 544 Hortamur
473 489 608 559 populum
624 487 770 558 pontifices
787 505 878 558 neque
895 491 1014 560 amplius
1036 489 1185 562 affiguntur
1211 491 1300 546 cruci:
1328 495 1443 562 erogant

143 561 277 616 ecclesiae
295 577 362 630 opes
382 561 490 616 diaconi
507 576 559 616 neo
577 569 778 618 consumantur
795 563 824 617 in
843 563 985 618 craticula.
1021 563 1131 634 Duplex
1158 567 1252 620 autem
1278 577 1363 618 carrea
1391 570 1442 632 est,

144 631 217 701 quod
236 639 320 702 poeta
338 632 391 686 hoc
409 631 491 687 affert
510 631 580 686 Sinti
601 637 629 688 et
645 633 791 688 Laurentii
809 635 973 703 exemplum.
1009 635 1041 688 ln
1069 636 1166 704 primis
1193 635 1316 703 vesperis
1341 635 1368 689 S.
1388 633 1442 688 He-

142 705 223 759 lenae
242 703 274 758 iit
292 705 514 760 commemoratio
533 704 653 759 Oetaeae
672 696 869 761 amausensis:
887 722 971 774 porro
990 705 1185 776 quodgranius
1203 712 1255 773 eat,
1273 705 1442 760 Laurentius

143 775 323 830 moribundus
342 775 519 844 prophetavit
536 776 669 830 ecclesiae
687 791 784 844 pacem
803 783 831 832 et
849 777 1087 846 tranquillitatem,
1107 778 1141 834 de
1160 793 1216 846 qua
1232 777 1443 848 eptimemerita

145 846 322 904 estHelene.
359 847 444 902 Forte
462 847 515 916 leg.
534 845 711 918 dispersit
730 853 759 902 et
777 847 1050 914 6,3eilectum.¹‘
1086 849 1196 906 Daniel.
1282 915 1294 926 ..

693 1030 892 1040 .--—-.—-..—-

539 1165 611 1228 809.
655 1161 707 1228 De
728 1183 752 1232 s.
775 1163 899 1229 Heleno
918 1163 1040 1246 repiao.
1359 1145 1362 1154 ¹
1411 1123 1422 1169 '

146 1313 173 1372 1.
200 1305 237 1368 ln
253 1307 434 1368 sanctorum
449 1303 625 1384 ingileude
871 1305 961 1382 Quae
976 1323 1033 1386 per
1048 1306 1156 1372 orbem
1173 1309 1301 1372 struens
1316 1305 1420 1388 plura,
1447 1337 1450 1345 ·

199 1388 296 1454 Plebs
311 1387 426 1453 devota
441 1385 509 1452 Deo
524 1387 652 1470 plaude,
871 1389 1271 1470 Largasublimavitcura

201 1471 262 1547 Qui
277 1471 309 1535 in
324 1471 442 1536 sanctis
457 1476 506 1536 est
520 1471 693 1538 mirabilis:
871 1473 914 1538 Et
929 1475 1148 1554 augmentarit
1162 1472 1291 1538 divitiis.

200 1556 291 1620 inter
306 1572 385 1634 quos
402 1553 548 1636 splendet
561 1557 695 1636 Helena,

200 1637 289 1719 Fide,
306 1655 371 1721 spe,
388 1657 496 1703 amore
510 1640 604 1720 plena
815 1645 844 1707 4.
870 1640 997 1706 Gaudet
1012 1657 1088 1722 ergo
1104 1657 1187 1704 nunc
1203 1641 1236 1704 iu
1252 1640 1348 1708 coelis

200 1720 325 1804 Sponsa
340 1722 460 1788 Christi
477 1723 675 1790 venerabilis.
870 1723 1299 1806 Dispensatrixhaeciidelis

145 1807 289 1874 2.·Haec
302 1806 460 1874 inventrix
474 1807 730 1874 sanctae'Grncis
870 1807 1160 1890 laterangelorum
1174 1808 1279 1876 milia:

200 1889 395 1974 Adimplevit
407 1907 489 1972 epus
503 1892 583 1956 lucis
869 1894 907 1958 In
921 1893 1040 1958 vestitu
1055 1893 1210 1957 deaurato
1280 1933 1284 1954 .

201 1973 258 2039 Pio
274 1973 570 2054 cerdisdesiderlo;
871 1975 1184 2042 Etamietnvariate

202 2058 445 2126 Sacrosanctam
459 2059 638 2148 passionem
870 2061 990 2126 Ferens
1006 2058 1265 2126 charitatishlia.

200 2139 311 2208 Crucis
325 2161 384 2224 per
397 2143 612 2210 inventionem

200 2225 292 2292 Omni
307 2229 460 2293 venerata
474 2227 591 2294 studio.
816 2233 847 2296 5.
875 2224 1135 2294 SonsaOhristi
1154 2223 1443 2296 sanotaetdecora

144 2316 174 2374 3.
199 2310 319 2376 Parent
332 2311 437 2376 adhuc
451 2329 544 2378 sacra
558 2315 633 2380 vota
692 2358 728 2375 „
939 2310 1442 2394 istnmpronobisinstaoterora‚

197 2394 322 2475 Dignos
338 2395 450 2461 matris
465 2395 560 2476 longe
575 2399 652 2461 nota
873 2394 935 2473 Qui
950 2414 1008 2462 noa
1021 2395 1158 2462 redemit
1170 2395 1204 2460 in
1219 2393 1361 2474 victoria,

197 2479 234 2542 In
249 2479 440 2561 templorum
454 2479 625 2544 aediliciis:
870 2479 935 2562 ipsi
950 2479 1121 2564 perhennis
1134 2480 1207 2546 laus
1221 2484 1254 2547 et
1268 2478 1379 2561 gloria.

213 2585 309 2642 Text.
345 2588 425 2645 miss.
444 2587 539 2645 dolon.
560 2589 637 2644 1504.

690 2745 887 2755 Q

442 2871 513 2932 810.
557 2863 609 2930 De
630 2885 656 2931 s.
678 2867 803 2934 Heleno
823 2866 920 2934 uidae
942 2875 971 2934 et
992 2875 1142 2952 martyre.

476 2981 608 3050 (Veredrt
625 3001 672 3040 aaa
689 2985 812 3044 31.th11'.
830 2986 859 3042 S.
877 2987 949 3042 crocle
966 2985 1107 3056 Nemea)

144 3112 170 3170 1.
199 3105 283 3171 Voce
299 3105 401 3172 dulcis
418 3104 574 3172 melodiae
622 3116 624 3124 ’
871 3109 955 3174 Dum
971 3125 1034 3172 non
1049 3105 1129 3174 levit
1147 3107 1257 3182 hostes
1272 3107 1342 3188 Dei,

197 3191 394 3256 Veneremur
409 3189 442 3254 in
457 3188 517 3254 hac
534 3187 585 3258 die
647 3261 649 3268 ,
871 3191 939 3257 lael
953 3209 1034 3256 uxor
1049 3195 1099 3256 est
1115 3189 1242 3270 Cenaei,

196 3271 340 3338 Helenae
355 3273 537 3340 sollemnia:
869 3275 1077 3360 Prophetens,
1093 3294 1152 3358 par
1165 3275 1344 3362 Debborae.

197 3355 286 3433 Quae
300 3363 374 3440 post
389 3375 500 3424 cursus
515 3358 611 3426 huius
626 3357 697 3426 viae
815 3367 844 3426 4.
870 3360 1078 3426 alabastrum
1094 3357 1319 3426 comminutum

196 3441 287 3506 Felix
302 3441 353 3508 die
367 3440 511 3508 theoriae
870 3443 1032 3526 Fragrans
1047 3441 1130 3511 iudit
1144 3443 1208 3513 vim
1222 3443 1387 3523 virtutum,

195 3525 316 3606 Migrat
330 3525 371 3590 ad
387 3525 511 3592 solatia.
871 3527 915 3594 Ut
930 3527 1070 3611 probent
1083 3527 1253 3592 miracula:
1390 3529 1393 3536 '

141 3615 172 3674 2.
197 3608 286 3674 Haec
296 3607 444 3675 Rebecca
458 3607 517 3676 flos
533 3607 668 3690 decoris,
720 3619 725 3627 '
872 3611 993 3677 Coecus
1007 3610 1106 3692 videt,
1122 3615 1155 3676 et
1169 3627 1205 3676 os
1221 3616 1343 3676 mutum

194 3693 287 3758 Hanc
302 3691 503 3762 commendat
518 3693 633 3776 cordis,
650 3693 725 3775 oris,
870 3695 1029 3778 Loquitur
1043 3697 1086 3762 ad
1101 3696 1170 3761 eius
1185 3700 1308 3774 nutum,

196 3777 506 3860 Morumpudicitto:
870 3781 995 3860 Leprae
1011 3779 1243 3846 seditmecula.

195 3859 353 3928 Absoluta
368 3859 521 3927 viritoris
814 3868 843 3928 5.
870 3863 1088 3929 OSuevorum
1104 3863 1284 3943 advocata.

195 3943 332 4026 Sprevit‚
348 3943 519 4024 ntIndith‚
535 3945 652 4012 amoris
867 3948 969 4014 Posce
983 3949 1059 4027 reis,
1076 3953 1112 4012 ut
1126 3953 1257 4014 sensata

195 4027 340 4096 Cornelis
356 4028 524 4095 connubio.
869 4029 1041 4112 Theouitis,
1057 4032 1212 4113 gretiam:

140 4116 169 4176 3.
195 4112 356 4178 Martham
371 4113 506 4195 praebet
520 4129 554 4178 ae
571 4113 644 4194 diei,
870 4113 945 4193 Fac,
960 4117 997 4180 nt
1011 4115 1139 4196 Hester,
1154 4115 1280 4182 elevata

194 4193 259 4262 Sed
273 4196 408 4262 Mariam
422 4195 546 4278 requiei
869 4197 916 4263 Ut
929 4217 1007 4280 gens
1022 4204 1079 4265 tna
1093 4197 1162 4264 Deo
1178 4205 1274 4280 grata

195 4278 446 4368 Contemplando
463 4283 623 4362 tempore:
868 4281 1034 4350 Mereatur
1045 4283 1190 4366 gloriam
1215 4293 1219 4304 '

139 4401 234 4513 1854a.
251 4385 348 4516 Telclcg
384 4390 485 4446 Daniel
503 4389 536 4458 V,
556 4391 614 4466 284ι
628 4405 664 4446 ex
680 4389 760 4447 idias.
780 4388 938 4459 Upsalienai
956 4394 1057 4464 (1513).
1076 4393 1287 4464 Eccleaiologiet
1306 4393 1349 4450 01.
1359 4393 1439 4464 April

209 4499 216 4513 .
239 4477 266 4529 p.
340 4503 346 4516 .
790 4505 791 4508 ,

208 4547 234 4600 b.
253 4545 440 4609 Lacertae.
469 4553 504 4616 ,1,
523 4551 549 4604 t.
567 4545 644 4602 Ecel.
664 4563 739 4616 que.
775 4548 844 4604 Dies
862 4549 989 4608 theoriae
1008 4553 1025 4606 i.
1046 4568 1069 4607 e.
1089 4551 1147 4610 dies
1161 4553 1267 4622 montis,
1286 4553 1439 4622 qualisnam

138 4617 274 4688 conspicit
291 4633 381 4689 neque
400 4619 519 4689 amplius
539 4619 568 4676 in
586 4617 749 4690 aenigmate.
769 4649 803 4660 -
821 4624 849 4689 5,
868 4625 893 4678 3.
916 4621 974 4694 th.
993 4627 1020 4678 2.
1039 4623 1114 4680 Sam.
1133 4627 1178 4694 11,
1195 4627 1221 4680 2.

685 4759 884 4770 ἠ’-..-
