3266 5222
638 315 871 380 -257-

372 503 442 568 358.
485 497 537 566 De
556 505 663 568 sonato
685 499 808 568 Ioanne
828 499 912 582 bapt.
934 496 1149 582 (troparium.)

102 649 135 708 1.
162 635 251 702 Laus
266 631 327 700 tihi
342 631 477 712 Christe,
783 641 812 702 6.
837 637 960 702 Assuut
974 633 1128 713 convivia,

163 737 273 786 rerum
290 717 429 782 omnium
839 719 916 786 iecit
929 719 1074 784 Herodes
1089 737 1146 782 rex

165 807 301 881 creator,
317 801 427 865 mundi
839 823 968 871 coenam
983 803 1083 870 natah
1099 819 1168 882 suo,

166 893 200 953 et
216 887 373 964 salvat0r3
838 890 963 954 Primos
978 887 1142 953 Galilaeae

101 981 137 1039 2.
165 972 210 1038 Et
224 973 258 1036 iu
272 977 305 1035 ta
321 969 461 1035 omnium
839 975 1007 1060 principes,
1023 971 1168 1038 tribunos

164 1054 322 1121 fortitudo
338 1053 544 1134 sperantium.
839 1059 916 1124 fecit
930 1057 1037 1122 vocari
1052 1054 1094 1121 ad
1109 1073 1152 1120 se.

165 1139 229 1218 Qui
243 1139 381 1220 primum
397 1138 557 1202 hominem
839 1145 927 1210 Inter
942 1141 1054 1222 epulas

165 1231 255 1288 tuam
270 1223 311 1287 ad
325 1221 497 1302 imaginem
839 1226 1006 1294 filiavenit

166 1305 336 1385 Formasti,
352 1304 381 1370 ei
839 1311 941 1396 ipsius
958 1307 1108 1374 moechae
1122 1303 1326 1382 herodiadis,

167 1391 248 1456 dans
262 1388 370 1456 sedem
385 1387 549 1470 pulchram
840 1393 1076 1476 coepitpuella

166 1473 321 1558 paradisi,
839 1477 1050 1548 luderebella

168 1557 516 1640 Quamherst'shffltis
841 1561 987 1631 saltando
1007 1557 1154 1626 manibus
1170 1561 1203 1623 et
1218 1551 1408 1640 plaudendo.

166 1642 291 1724 antiqui
306 1640 452 1704 fraudem

168 1727 361 1810 perdiderat.

108 1818 142 1878 3.
169 1811 239 1878 Has
255 1810 348 1890 culpa
364 1807 449 1873 Evae
786 1827 813 1890 7,
840 1813 976 1881 Saltatiu
995 1811 1075 1876 haec
1089 1807 1210 1874 Herodi

168 1895 314 1979 privatus
330 1893 406 1957 sede
841 1899 963 1982 placuit
976 1899 1009 1961 et
1022 1892 1231 1960 multitudini.

168 1979 319 2044 miseram
336 1976 433 2041 miser
448 1975 534 2041 vessit
842 1983 931 2049 Tunc
945 1999 1001 2045 rex
1016 1976 1134 2044 iuravit
1150 1975 1285 2058 puellae,

167 2065 202 2128 in
217 2063 300 2128 huuc
315 2067 443 2140 terram,
841 2063 995 2150 quidquid
1010 2065 1152 2145 petisset,
1170 2061 1230 2127 sibi
1246 2057 1333 2138 dari;

167 2146 221 2212 Sic
236 2145 377 2228 paradisi
839 2153 907 2218 Nec
921 2165 1020 2227 mora,
1035 2145 1199 2212 admonita

167 2231 363 2296 amoenitate
840 2241 943 2302 matra
958 2231 1153 2312 nequissima

167 2311 526 2396 hostiseumantiquus
842 2323 936 2400 rogat
951 2316 1126 2400 pretiosum

169 2397 326 2464 destituit·
842 2399 1096 2486 caputiohaunis
1106 2397 1224 2462 Christi
1235 2395 1409 2480 praeconis.

109 2485 142 2545 4·
170 2483 292 2548 Circuit
305 2481 432 2546 invidus
841 2489 911 2554 Rex
926 2485 1036 2552 statim
1050 2483 1083 2547 in
1099 2499 1226 2547 carcere

170 2573 204 2632 et
217 2567 329 2645 adhuc,
346 2583 439 2646 quem
456 2564 597 2643 devorat,
842 2571 916 2637 feeit
931 2567 1090 2650 amputari

170 2667 325 2734 quaerere
341 2649 478 2714 anhelat·
843 2659 940 2736 eaput
954 2652 1056 2718 saneti
1071 2649 1131 2714 viri

172 2735 293 2801 Contra
307 2733 392 2798 hunc
407 2732 554 2797 dominus
843 2743 876 2804 et
889 2737 1016 2822 puellae
1030 2735 1101 2800 dari
1117 2732 1265 2799 nefariae.

168 2821 347 2902 agonistam
362 2818 485 2896 statuit,

169 2903 225 2986 qui
240 2903 371 2967 resistat
386 2902 425 2977 ei,

111 2985 141 3044 5·
177 2987 351 3053 Iohannem
367 2984 551 3066 baptistam,
787 2995 816 3057 8.
842 2987 927 3054 Talis
943 2993 975 3054 et
990 2991 1099 3054 tantus

172 3072 261 3137 cuius
278 3069 361 3134 diem
377 3069 472 3133 hodie
842 3079 971 3138 sanetus
987 3077 1021 3137 et
1035 3069 1154 3136 Christi
1169 3067 1290 3132 amicus

170 3157 304 3220 colimus
320 3153 493 3234 passionis;
842 3157 923 3222 abiit
937 3173 994 3238 per
1011 3152 1220 3218 meretricem.

170 3239 232 3318 Qui
247 3255 354 3320 regem
370 3235 530 3301 Herodem
842 3241 925 3306 Huic
940 3240 1001 3304 mel
1017 3239 1115 3303 silvae

171 3325 328 3404 arguebat
342 3327 475 3403 propter
844 3343 913 3390 ...e
929 3341 1010 3394 esca,
1026 3328 1120 3404 potus
1135 3323 1261 3384 tautum
1277 3331 1370 3397 aqua,

169 3405 396 3473 Herodiudem.
843 3409 940 3474 vestis
954 3413 1025 3472 erat
1039 3405 1203 3470 camelina.

172 3489 236 3556 Sed
250 3491 457 3571 impiissimus
471 3489 649 3569 piissimum
843 3492 943 3570 Nune,
959 3497 1082 3570 martyr
1096 3484 1313 3564 invictissime,

170 3575 363 3640 incarcerari
378 3574 472 3638 iussit
486 3571 649 3652 famulum,
844 3578 945 3643 antiae
959 3575 1127 3640 salvatoris
1142 3567 1263 3647 mundi,

153 3655 157 3668 '
173 3677 268 3740 quem
283 3660 361 3724 totis
376 3659 481 3740 perire
497 3657 619 3724 nisibus
842 3679 901 3726 uos
917 3678 1010 3740 prece
1025 3666 1082 3724 tua
1097 3657 1224 3722 domino

170 3743 340 3809 laborabat
354 3743 523 3807 Herodias.
843 3745 902 3809 deu
919 3743 1114 3809 commanda.

187 3867 212 3906 a.
230 3849 322 3905 Yant.
360 3851 443 3905 Mona
462 3850 515 3906 No.
535 3853 587 3906 666
606 3852 641 3919 (8,
660 3853 715 3916 tut
742 3868 808 3908 oua:
834 3851 1026 3908 Reiebanouer
1045 3851 1098 3905 Ha.
1126 3851 1178 3907 No.
1199 3852 1259 3906 151.
1285 3850 1336 3915 ou]
1355 3847 1416 3901 dem

113 3925 216 3979 letum
234 3921 325 3990 ΒΙαιι,
344 3926 387 3976 13.
404 3921 505 3977 Jahrb.
524 3927 575 3976 mit
594 3923 645 3977 deu
663 3921 766 3990 Noton,
787 3925 981 3978 aureolos-hert
999 3925 1059 3978 aad
1076 3923 1246 3994 abpeffeoen,
1271 3920 1359 3976 daber
1376 3920 1417 3974 iat

114 3996 165 4050 der
183 3993 297 4048 actious
316 3993 393 4048 nieht
411 3995 463 4049 mit
481 3993 637 4049 Sieharbett
654 3988 786 4050 victriacb
805 3996 987 4050 obuutbeilao.
1024 3997 1116 4052 Mene.

185 4084 211 4136 b.
232 4080 416 4137 Lesarten.
454 4087 479 4144 2.
497 4083 523 4135 8.
543 4083 596 4152 Qui
615 4099 665 4152 per
683 4082 737 4138 Ha.
756 4115 790 4125 -
810 4089 835 4154 ὅ,
853 4087 878 4138 6.
903 4084 976 4138 Dem
998 4083 1066 4139 Vera
1090 4083 1150 4138 aad
1167 4081 1239 4138 Sina
1256 4080 1329 4136 auoit
1341 4079 1417 4148 sebit

113 4155 177 4209 hier
194 4155 240 4207 ein
259 4155 449 4224 sweisytbr'pes
472 4151 561 4220 Wort‚
580 4155 812 4210 wohrsobeinlieb
830 4157 980 4226 moschum,
1005 4157 1058 4211 wie
1076 4157 1101 4226 6,
1121 4158 1146 4210 9.
1165 4154 1246 4210 steht.
1264 4181 1299 4196 -
1326 4155 1352 4222 6,
1373 4153 1415 4206 12.

114 4225 246 4283 Saliendo
264 4224 317 4280 Hs.
337 4255 370 4265 -
391 4230 416 4295 7,
438 4229 478 4279 10.
497 4225 578 4280 Fecit
595 4233 739 4294 amputare
759 4226 812 4282 Hs.

114 4385 167 4438 m
186 4310 387 4438 warnerio.
426 4312 514 4368 Ueher
546 4314 599 4368 dos
632 4313 833 4386 Rhythmiaehe
860 4319 909 4370 ete.
944 4313 1054 4384 apriobt
1079 4313 1199 4369 Bartsch
1226 4311 1255 4369 S.
1282 4314 1326 4366 84.
1354 4312 1415 4365 107.

156 4798 271 4847 Retenta,
285 4795 419 4847 &anonam
