3186 5254
646 447 688 460 -
730 411 793 478 454
834 447 877 460 -

570 597 641 660 ctu.
684 593 782 662 Des.
805 593 948 662 Nicoloo.

111 739 139 799 l.
165 734 328 800 Hodieme
342 732 470 816 gloriosi

163 817 324 886 Praesulis
339 821 373 883 et
387 817 533 900 generosi

162 903 281 985 Agitur
294 902 461 968 memorius:

164 985 226 1064 Qui
240 985 358 1054 salvari
372 985 525 1052 memisse

163 1071 271 1138 Scitur
286 1075 319 1136 et
333 1069 414 1136 mira
428 1069 539 1136 iecisse

163 1153 282 1220 Christi
298 1155 395 1220 dante
409 1155 523 1235 gratia

779 740 809 801 4.
834 735 984 802 Nicolaus
1000 739 1067 801 tam
1080 733 1244 818 benignus,

835 819 928 898 Quod
943 821 985 887 sit
999 821 1084 886 omni
1100 819 1196 886 laude
1211 819 1337 900 dignus,

798 952 802 960 .
836 903 896 969 liis
911 905 1012 986 signis
1028 903 1223 972 ostenditur:

836 986 946 1055 Caesis
961 989 1061 1067 visus,
1077 989 1184 1054 nautis
1200 987 1300 1065 littus,

835 1071 965 1138 Claudia
985 1089 1113 1154 gressus
1129 1077 1162 1138 et
1177 1070 1306 1137 auditus

836 1153 949 1223 Sardis
965 1175 985 1221 a
1000 1175 1063 1238 qno
1078 1155 1232 1222 redditur.

109 1239 138 1301 2.
163 1239 286 1306 Recens
300 1244 396 1305 natus
410 1256 470 1320 par
485 1256 520 1304 se
535 1239 652 1320 stabat,
779 1240 808 1301 5.
835 1238 937 1317 Quem
951 1240 997 1306 sic
1012 1240 1160 1306 Christus
1175 1237 1317 1306 exaltare

161 1321 335 1390 Mammam
350 1339 469 1404 sugens
485 1322 651 1390 ieiunabat

163 1406 294 1486 Quarta,
310 1412 402 1474 sexta
415 1405 512 1472 ieris:

162 1491 214 1558 Ab
230 1493 355 1558 incestu
370 1491 521 1558 liberavit

162 1574 241 1642 Tres
256 1575 381 1658 puellas
395 1579 428 1641 et
441 1574 579 1641 salvavit

160 1659 177 1724 1
201 1675 253 1725 sas
267 1659 309 1725 ah
324 1657 464 1724 infamia.

834 1323 994 1406 Dignatus
1010 1329 1060 1390 est
1075 1330 1108 1390 et
1122 1323 1228 1391 locare

834 1407 872 1474 In
886 1426 944 1474 suo
960 1408 1108 1491 pallatio:

834 1491 930 1557 Illum
944 1491 1058 1558 laudet
1072 1492 1173 1558 omnis
1188 1489 1282 1556 homo

835 1574 995 1642 Affectans
1009 1577 1043 1642 in
1057 1575 1139 1642 lucis
1154 1575 1248 1642 domo

834 1661 920 1726 Vero
934 1657 997 1724 irui
1012 1659 1138 1741 gaudio.

108 1743 136 1803 3:
191 1747 222 1809 st
236 1743 373 1809 coeleste
386 1759 519 1824 regnum
534 1747 658 1824 nactus,
779 1739 807 1800 6·
833 1743 972 1822 Nimiae,
987 1749 1079 1842 puter
1094 1746 1213 1822 sancte,

126 1907 128 1914 Ι
161 1825 204 1892 Et
218 1845 256 1892 ex
271 1825 390 1892 Christi
405 1831 487 1892 nutu
500 1825 604 1893 iaetus

160 1908 307 1977 Pontifex
320 1909 539 1978 Mirrensium:

161 1993 222 2059 llio
236 2013 256 2060 a
271 1996 378 2061 nautis
396 2001 432 2062 ut
445 1999 590 2074 vocatur,

161 2078 277 2144 Assum
292 2077 388 2160 fatur,
403 2085 436 2147 et
451 2080 584 2146 sedatur

159 2160 234 2228 Mox
249 2169 426 2245 tempestas
444 2163 589 2229 marium.

175 2286 200 2328 a.
219 2269 326 2354 Petet
348 2271 428 2328 Miss.
447 2269 617 2326 halberstat.
638 2271 714 2324 1511.

175 2359 201 2415 h.
220 2357 407 2416 Leaorten.
444 2360 470 2430 ll,
488 2360 513 2415 d.
537 2357 622 2414 hiber
640 2355 737 2412 dono.

832 1825 949 1893 Pastor
963 1845 1015 1910 pre
1028 1827 1191 1893 mediante

833 1909 878 1976 Te
894 1916 1004 1977 nostra
1017 1911 1147 1976 miseria

832 1995 933 2061 Laeto
947 1992 1010 2061 fine
1025 1995 1225 2072 terminetur,

832 2078 876 2146 Et
891 2083 1003 2163 optata
1017 2079 1110 2146 nobis
1126 2078 1221 2144 detur

834 2163 1081 2230 Commissurum
1096 2161 1198 2229 venia.

660 2555 859 2564 Q

566 2703 638 2767 673.
680 2701 731 2768 De
751 2721 776 2766 s.
803 2699 946 2766 Nicolao.

129 2838 157 2899 l.
176 2832 343 2900 Nicolaum
359 2831 570 2900 confessorem

177 2915 290 2983 Lauda
303 2920 391 3000 pium
407 2922 440 2984 et
453 2923 616 3001 pastorem

177 2999 323 3068 Militans
339 3000 487 3069 ecclesia:

180 3084 284 3151 Tanto
298 3085 383 3169 patri
397 3085 542 3168 inuitare,

180 3169 299 3235 Dulces
313 3169 447 3251 hymnos
461 3189 635 3253 personare

178 3253 278 3320 Decet
292 3271 363 3320 cum
379 3255 515 3322 laeticia

803 2841 831 2902 5.
851 2836 912 2902 Hic
926 2834 968 2901 ad
983 2833 1133 2901 thronum
1147 2833 1348 2916 praesulatus

850 2919 1016 3001 Tanquam
1030 2920 1137 2985 Aaron
1152 2922 1201 2984 est
1214 2921 1346 2984 vocatus

850 3005 878 3070 h
892 3003 961 3070 Deo
976 3002 1128 3069 feliciter:

850 3087 954 3154 Tanto
969 3087 1071 3170 gradu
1086 3105 1150 3153 non
1164 3085 1279 3167 elatus,

839 3171 948 3252 Mitis,
965 3172 1112 3248 clemens,
1128 3171 1251 3236 cunetis
1266 3174 1379 3252 gratus

850 3256 985 3322 Vixerat
998 3255 1170 3321 humiliter.

131 3335 160 3400 2.
179 3337 214 3406 Μ
259 3357 334 3404 num
348 3339 474 3421 signum
489 3340 669 3408 sanctitatis
802 3341 831 3406 6.
850 3339 956 3405 Fulsit
969 3344 1006 3406 ut
1020 3340 1069 3406 sol
1084 3339 1144 3404 Dei
1158 3338 1278 3420 templo

178 3421 221 3486 Et
248 3427 362 3490 nturae
377 3423 537 3492 castitatis

177 3505 331 3571 Praebuit
343 3505 496 3574 infantia:

178 3587 240 3666 Qui
254 3607 289 3656 se
303 3593 411 3657 statim
426 3591 620 3672 abstinebat,

178 3671 281 3740 Semel
295 3679 440 3741 sanctum
456 3675 506 3741 lac
520 3673 657 3757 sugebat

177 3755 309 3837 Quarta,
324 3764 416 3824 sexta
429 3759 518 3825 ferie.

129 3839 157 3903 3.
176 3839 238 3907 Hie
251 3843 394 3908 renitens
407 3843 608 3922 sublimatur,

176 3924 263 3991 Laus
275 3925 412 4008 insignis
427 3927 456 3992 ei
471 3927 568 3993 datur

176 4008 221 4074 Et
234 4008 337 4076 honor
351 4009 521 4077 divinitus:

176 4093 311 4160 Praesul
326 4112 396 4160 cum
411 4093 547 4161 efficitur

177 4175 221 4242 Et
236 4177 351 4260 dignus
365 4179 547 4245 ostenditur

177 4260 264 4326 Voce
278 4261 378 4328 missa
391 4263 535 4330 coalitus.

850 3424 957 3490 Verbo
972 3422 1090 3489 docens
1106 3426 1139 3489 et
1153 3421 1298 3504 exemplo

848 3506 960 3573 Fidem
976 3505 1095 3574 Christi
1109 3505 1246 3589 populo:

848 3591 925 3658 Vita
936 3609 996 3659 sua
1010 3591 1047 3658 iit
1061 3589 1208 3657 doctrina

849 3675 949 3754 Quasi
964 3675 1060 3742 stella
1074 3674 1232 3740 matutina

848 3759 949 3826 Lucet
963 3761 1048 3825 omni
1063 3759 1179 3826 seculo.

802 3843 829 3906 7.
848 3843 937 3909 Tune
951 3843 1123 3926 prudenter
1137 3839 1283 3924 vigilavit

849 3927 892 3994 Et
905 3927 1062 3993 talentum
1076 3924 1274 4010 dispensavit

848 4010 1013 4078 Creditum
1025 4009 1180 4076 fideliter:

849 4095 928 4161 Cum
943 4094 1097 4177 pudorem
1112 4091 1313 4160 conservavit

847 4178 1015 4262 Virginnm
1030 4195 1110 4261 quas
1126 4179 1208 4245 clam
1223 4175 1337 4244 ditarit

848 4263 927 4329 Cum
941 4270 1074 4346 parente
1088 4263 1230 4345 largiter.

126 4337 156 4408 4.
176 4343 278 4422 Quam
292 4343 367 4410 telin
381 4350 415 4411 et
428 4363 523 4428 quam
538 4347 705 4430 praeclara
798 4343 828 4414 8.
846 4347 906 4414 Dei
921 4348 1044 4414 culmen
1058 4347 1241 4428 amplicem,

166 4427 337 4512 ‚Quantum
353 4447 476 4498 summo
490 4431 572 4512 Regi
587 4431 683 4497 chara

175 4513 264 4580 Talis
278 4519 329 4580 ast
342 4515 515 4598 promotio:

176 4597 279 4676 Quam
294 4615 358 4664 non
372 4596 463 4665 favor
477 4597 615 4666 hominis

174 4679 288 4830 N⁰3¹¹⁶
301 4699 392 4749 amor
405 4683 559 4764 culminia,

175 4763 216 4832 Se
252 4783 329 4833 vera
344 4765 480 4836 devotio.

847 4430 947 4498 Sacra
961 4431 1073 4498 limina
1086 4429 1291 4511 frequentare

846 4515 969 4583 Devote
984 4515 1170 4583 studuerat:

846 4599 939 4665 Idola
950 4599 1110 4667 destruxit
1120 4617 1205 4668 vana

845 4683 990 4750 Necnon
1004 4683 1144 4764 fraudes,
1160 4699 1241 4768 qaas
1257 4681 1359 4750 Diana

726 4873 728 4878 Ι
845 4765 1028 4837 Machinata
1044 4767 1158 4835 iuerat.
