3210 5230
667 355 899 418 -593-

262 534 333 596 883.
378 529 417 596 In
426 531 514 615 festo
528 531 729 600 caaltuticnar
743 533 776 603 S.
795 535 906 603 &aas
919 535 1036 598 duitor
1050 533 1125 598 baec
1138 534 1308 617 sequentia.
1441 535 1445 546 '

139 677 165 736 1.
193 665 393 750 Septilormis
408 667 510 732 crucis
525 665 644 734 Christi
863 669 1102 751 consequenter
1115 669 1283 750 longitudo

190 750 388 832 Triumphali
402 751 517 831 plausu
537 751 641 834 dignis
863 753 934 829 Qua
950 755 1094 834 signatur
1109 753 1292 820 sanctitudo

190 837 288 902 Prose
313 853 426 900 uamur
441 834 604 900 laudibus:
861 836 1073 903 Perseverans
1089 838 1212 904 colitur.

68 968 71 977 .
191 921 273 986 Tota
287 853 355 984 sseo
369 918 597 1000 persolvamus,
806 927 836 986 4.
863 919 944 986 Pars
959 921 1103 987 sublimis
1117 921 1303 988 manifestat

190 1005 290 1070 Dulce
305 1003 331 1068 si
378 1021 431 1068 um
447 1019 646 1086 opponamus
862 1004 955 1083 Quod
970 1007 1002 1070 in
1019 1005 1105 1072 coelo
1121 1006 1213 1072 nobis
1227 1011 1331 1072 restat

189 1087 312 1154 Inimici
342 1087 505 1152 raudibus.
863 1089 959 1154 Certa
973 1089 1195 1171 repromissio:

133 1177 163 1238 2.
189 1171 227 1238 ln
242 1172 302 1236 hoc
318 1172 408 1253 signo
424 1170 553 1252 gloriari
860 1173 895 1237 ln
912 1173 1069 1254 profundo
1084 1173 1169 1258 qnod
1185 1191 1248 1238 non
1263 1171 1354 1240 vides

189 1257 218 1321 N
220 1274 255 1320 os
270 1260 398 1336 oportet
413 1273 450 1319 ac
465 1253 574 1320 mirari
860 1256 889 1320 N
891 1274 909 1321 c
925 1261 1111 1338 praesumat
1125 1263 1234 1324 motat
1247 1255 1326 1323 fides

189 1341 267 1406 Eius
282 1337 558 1404 circumstantias:
861 1339 972 1406 Cesset
986 1341 1160 1422 inquisitio.

189 1424 299 1490 Crucis
315 1423 399 1487 enim
414 1421 612 1503 quadratura
806 1429 834 1490 5.
860 1424 929 1490 Ista
944 1424 1045 1490 crucis
1061 1429 1260 1490 sacramenta

189 1507 277 1574 Sacri
292 1507 397 1572 cultus
411 1506 444 1570 in
458 1505 562 1586 figura
861 1509 1220 1592 Comprehendatmens
1235 1509 1360 1576 intenta

189 1592 280 1658 Gerit
295 1590 526 1656 observantias.
859 1591 953 1658 Vitae
968 1593 1224 1676 propugnacula:

130 1683 160 1742 3.
188 1675 257 1754 Quo
273 1675 333 1740 snb
348 1675 412 1738 ritu
428 1672 530 1738 forma
545 1673 648 1756 prima
859 1675 963 1741 Huius
979 1676 1057 1760 ligni
1071 1696 1128 1761 per
1144 1678 1294 1744 virtutem

188 1758 339 1824 Caritatis
354 1758 536 1839 expressiva
859 1758 925 1826 Vos
941 1761 1095 1844 perducat
1109 1763 1142 1826 iu
1159 1761 1295 1827 salutern

188 1842 339 1910 latitudo
354 1843 498 1926 ponitur:
859 1845 969 1928 Agnus
984 1846 1051 1911 sine
1065 1845 1199 1911 macula.
1233 1845 1345 1912 Amen.-

680 2009 878 2020 —-----..

418 2143 490 2206 884.
532 2137 584 2204 De
598 2138 752 2220 pluribus
772 2139 977 2222 martyribus.
1020 2139 1133 2206 Prosc.

125 2281 155 2340 l.
181 2273 291 2338 Almae
305 2271 453 2338 coelestis
468 2271 601 2336 militiae
616 2270 748 2352 signifer
764 2291 819 2338 rex
834 2279 1009 2354 martpum
1024 2274 1127 2339 virtus
1141 2279 1173 2338 et
1188 2273 1301 2354 gloria,

123 2363 154 2422 2.
179 2355 265 2434 Quos
280 2373 426 2421 rosarum
443 2358 608 2421 vernantia
623 2355 775 2422 decorant
790 2357 901 2422 laurea
915 2357 990 2422 audi
1005 2365 1133 2423 tuorum
1148 2357 1339 2438 precamina.

121 2449 154 2508 3.
180 2441 279 2507 Laeta
293 2445 425 2504 ovantes
440 2440 643 2520 hymnologia
657 2442 824 2522 purpurati
840 2459 988 2522 proceres
1003 2442 1165 2508 iubilando
1180 2441 1352 2507 laetamini.

121 2533 154 2592 4.
177 2525 215 2590 Io
238 2529 313 2589 voce
332 2523 444 2605 psalmi
465 2523 607 2606 hymnite
628 2523 755 2590 domino
776 2529 809 2590 et
830 2525 1009 2591 exaltantes
1031 2544 1138 2607 regem
1160 2544 1270 2608 regum
1286 2523 1426 2590 exultate

274 2609 362 2674 insti.

121 2699 153 2759 5.
177 2691 220 2756 Et
233 2691 354 2774 gloriae
369 2690 504 2772 trophea
518 2709 661 2756 summae
676 2691 762 2757 nacti
777 2690 883 2838 palma
897 2693 1043 2774 martyrii
1057 2693 1247 2772 gloriamini.

121 2782 154 2843 6.
178 2776 269 2842 Omni
286 2775 405 2841 honore
421 2773 508 2856 digni
525 2792 634 2840 ornnes
649 2775 728 2840 recti
744 2775 776 2840 di
790 2776 912 2856 igentcs
927 2776 1031 2842 Deum
1046 2794 1084 2842 ex
1099 2775 1204 2842 corde.
1251 2806 1259 2824 ·

677 2979 808 2986 ——---=

453 3134 524 3195 885.
567 3129 620 3194 Dc
642 3129 884 3216 consessoribus.
926 3127 1103 3212 Sequentia.

123 3276 154 3334 l.
182 3267 250 3330 hue
265 3284 388 3348 genrma
403 3265 619 3332 confessorum
853 3265 901 3331 Tu
917 3265 965 3330 vir
980 3263 1117 3329 mundus
1133 3265 1200 3328 vita
1215 3267 1302 3328 totus

179 3349 303 3416 Micans
318 3351 349 3414 in
366 3350 432 3416 alta
446 3352 591 3430 polorum
852 3350 890 3414 ln
905 3350 1023 3414 amoris
1038 3347 1126 3414 ionte
1142 3348 1227 3413 lotus

179 3433 274 3500 Vitae
288 3435 442 3498 virtutum
459 3439 491 3499 ct
506 3453 628 3500 morum
852 3434 927 3499 Pius
942 3434 1068 3498 fervens
1084 3438 1117 3497 et
1132 3431 1267 3498 devotus

179 3517 350 3599 Exemplar
366 3519 544 3599 egregium:
851 3517 887 3582 ln
904 3518 963 3582 Dei
980 3517 1119 3583 servitio.

180 3601 228 3666 Tu
244 3600 392 3684 profusus
408 3601 485 3666 coeli
504 3621 575 3668 rore
796 3609 824 3669 3.
852 3601 963 3667 Gaude
978 3601 1053 3682 qiiia
1070 3599 1222 3665 refulsisti

178 3685 323 3750 Paradisi
338 3683 398 3750 flos
413 3685 525 3750 decore
851 3685 948 3751 Velut
963 3685 1010 3750 sol
1025 3687 1058 3748 iu
1073 3684 1192 3765 templo
1208 3683 1327 3749 Christi

178 3770 288 3835 Vincis
303 3767 479 3834 balsamum
496 3769 593 3834 odore
851 3767 952 3844 Quem
968 3771 1146 3850 quaerebas
1162 3769 1311 3833 invenisti
1382 3795 1387 3804 ·

178 3853 324 3918 (laudens
338 3853 410 3935 plus
427 3871 520 3933 quam
538 3853 649 3918 lilium.
852 3851 954 3934 Super
970 3859 1059 3917 astra
1074 3852 1208 3933 ploriac:

119 3942 150 4002 2.
177 3936 270 4003 Salve
285 3938 406 4020 lampas
421 3946 454 4002 et
468 3937 599 4002 lucerna
747 3963 748 3968 ¹
850 3936 916 4001 Ora
930 3936 1012 4000 votis
1027 3935 1192 4000 charitatis

176 4021 260 4086 Luce
277 4022 385 4087 lucens
401 4020 605 4102 sempiterna,
849 4019 982 4084 Fontem
998 4021 1101 4084 omnis
1115 4017 1269 4085 bonitatis

175 4103 219 4170 Te
234 4104 434 4170 llierusalenn
451 4123 589 4185 superna
851 4101 896 4168 Ut
911 4104 967 4168 det
982 4105 1074 4169 nobis
1091 4121 1160 4168 cuin
1176 4101 1281 4169 beatis

176 4189 310 4270 Recepit
324 4207 394 4253 cum
411 4189 559 4269 gaudio:
849 4186 990 4252 Sotirui
1006 4185 1096 4253 facie.

190 4293 286 4352 Text.
322 4296 401 4352 Stena
420 4297 491 4352 cuch
509 4297 547 4351 ina
566 4295 790 4350 Manatera'scbcn
809 4295 1118 4351 Gradualeoon1536.

669 4524 677 4530 -
688 4522 864 4530 .-ψ-
