3186 5254
740 319 781 332 --
824 285 970 355 478-

210 468 239 529 4.
267 463 327 530 Hic
342 463 464 530 athleta
886 469 914 530 6.
942 465 1044 546 Caeci,
1059 464 1175 544 claudi,

264 548 473 614 Mentelaota
941 547 1047 628 Sardi,
1063 547 1153 630 muti,

266 633 395 716 Sprevit
407 637 536 714 metum,
940 634 1018 699 Neci
1034 631 1112 710 dati,

266 717 360 784 Subit
373 717 474 782 letum
941 717 1110 801 Desperati

265 801 601 884 Sitiensmartyrinm:
940 803 1038 884 Spem
1051 799 1165 866 salutis
1180 799 1340 866 obtinent:

266 885 393 951 Gaudet
408 886 527 964 laesus,
940 885 1002 964 Qui
1016 885 1100 951 hunc
1115 885 1194 952 totis

266 971 352 1034 Ense
367 987 491 1042 caesus,
939 970 1079 1036 Poscant
1093 967 1177 1036 votis

265 1053 394 1118 Transit
410 1059 525 1134 metus,
939 1053 1095 1120 Debonis

266 1135 468 1204 Oeditfletns
939 1136 1136 1203 Fretidonis

265 1221 309 1286 Et
324 1220 414 1286 dolor
428 1222 461 1287 in
476 1219 639 1304 gandium.
938 1223 1115 1305 Impetrata
1129 1219 1304 1302 possident

211 1303 239 1363 5.
267 1303 366 1370 Cuius
382 1323 457 1371 ossa
885 1309 912 1368 7.
938 1307 1063 1388 Martyr
1078 1322 1138 1386 age

266 1387 486 1456 Terraciossa
939 1389 1100 1457 Stanislac

265 1473 497 1556 Vigontsignis
938 1473 985 1540 Ut
998 1492 1056 1540 rex
1070 1473 1143 1556 pius

264 1558 308 1622 Et
322 1558 488 1640 condignis
939 1559 1158 1640 nobenigms

266 1640 636 1708 Pullulantvirtutihus:
938 1643 1029 1709 Iesus
1045 1641 1109 1709 tuis
1124 1639 1272 1724 precihus

267 1725 365 1791 Cuius
381 1725 447 1790 vita
938 1725 1004 1792 Nos
1020 1725 1052 1792 in
1068 1724 1131 1792 fine

265 1809 428 1874 Redimito
939 1809 1091 1877 Sineline

266 1893 385 1959 llundo
400 1891 492 1958 linxit
938 1895 1050 1976 Regno
1065 1895 1162 1959 donet

267 1979 310 2044 Et
324 1978 430 2042 illuxit
937 1979 1126 2045 Etcoronet

265 2061 420 2128 Gloriosis
435 2061 593 2142 precibus.
937 2061 1079 2144 iungens
1095 2059 1173 2128 coeli
1188 2059 1319 2125 civibus.

281 2187 306 2225 a.
325 2168 351 2224 T
355 2186 395 2224 ea
403 2174 422 2224 t.
460 2168 559 2223 Daniel
577 2168 612 2237 II,
631 2171 692 2238 239,
711 2169 781 2223 ohne
793 2169 910 2241 Anoolro
928 2170 978 2224 dar
989 2169 1094 2240 Qnello,
1114 2169 1189 2224 bloaa
1206 2169 1258 2224 nait
1268 2168 1318 2223 der
1326 2167 1519 2238 chcrlcano:

211 2243 294 2313 Apud
313 2242 443 2308 polonos,
462 2239 601 2309 Moraros,
621 2239 757 2297 Bohemos
776 2241 811 2296 al.

282 2331 309 2386 b.
329 2329 511 2383 Losorion.
549 2331 574 2397 6,
594 2332 611 2384 8
631 2330 705 2399 fehlt
731 2329 777 2384 oin
795 2329 964 2401 oinsylho'ocs
988 2327 1078 2398 Wort,
1097 2329 1235 2386 oielloo‘clot
1254 2329 1372 2396 et-c,
1391 2329 1438 2382 10.
1458 2341 1519 2398 pos·

214 2403 287 2459 sidet
306 2403 376 2456 Dan.
397 2399 553 2470 (Drncts).

468 2582 539 2643 710.
583 2575 636 2642 De
657 2579 834 2647 inventione
854 2601 879 2648 s.
902 2581 1058 2663 Stephani
1072 2583 1260 2662 protomart.

628 2695 743 2763 (Auctor
762 2701 806 2752 est
823 2697 931 2754 Nother
949 2697 1103 2766 Balbnlus.)

243 2827 269 2885 1.
295 2818 414 2884 Christi
429 2817 558 2882 Domini
574 2815 684 2882 militis
697 2820 910 2903 martyrisque
933 2820 1098 2887 fortissimi
1113 2818 1235 2902 proelia
1249 2835 1325 2883 voce
1338 2815 1407 2899 pari
1424 2834 1519 2882 cana·

366 2920 437 2966 mus
453 2900 643 2967 extollentes
658 2903 700 2968 ad
714 2903 830 2981 sidera,

238 2993 265 3052 2.
290 2987 351 3065 Qui
367 2985 499 3067 signifer
515 2984 685 3054 bellicosus
708 2987 869 3068 extiterat,
889 2987 997 3054 valida
1015 3005 1112 3053 mann
1134 2991 1205 3054 tota
1224 2989 1431 3070 prosternens
1453 2985 1520 3050 dia-

367 3069 472 3135 bolica
489 3077 675 3137 commenta.

240 3161 268 3222 3.
292 3154 426 3235 Quando
451 3155 586 3220 daemon
608 3156 735 3222 Domini
757 3155 913 3222 famulum
938 3174 974 3222 se
998 3159 1168 3238 putaverat
1189 3152 1362 3238 lapidando
1381 3153 1519 3230 mnoero,

365 3239 509 3306 devictus
524 3245 599 3304 tnnc
614 3241 748 3306 recessit
761 3241 794 3304 in
808 3243 943 3305 tartara.

238 3331 266 3389 4.
288 3323 332 3392 Et
357 3324 411 3404 qni
432 3323 563 3390 Saulum
587 3323 709 3390 iecerat
733 3324 820 3390 necis
840 3322 925 3391 illins
948 3327 1121 3398 auctorem,
1146 3321 1239 3388 Pauli
1261 3339 1345 3387 nanc
1363 3321 1519 3388 ecclesiae

369 3407 507 3474 doctoris
522 3407 663 3472 eiusdem
678 3409 789 3474 tremit
802 3413 982 3491 praecepta.

239 3499 266 3558 5.
289 3493 371 3559 Nam
386 3509 456 3556 cmn
471 3492 622 3572 martyris
637 3492 777 3574 undique
799 3511 912 3576 corpus
932 3494 1107 3558 immensus
1121 3491 1223 3557 imber
1236 3489 1380 3572 lapidum
1393 3507 1519 3570 preme·

366 3581 425 3650 ret,
441 3575 585 3640 lacerans
600 3578 743 3642 membra
757 3595 859 3656 rosea,

238 3664 267 3724 6.
289 3660 363 3742 Ipse
385 3659 532 3808 cosspoffi·
547 3659 632 3724 allisi
654 3679 772 3743 poenas
793 3677 902 3726 amore
917 3659 1035 3726 Christi
1056 3659 1193 3726 libenter
1215 3657 1375 3724 sustinens
1389 3654 1520 3723 suderat

366 3762 420 3808 ver
443 3761 462 3808 a
523 3759 571 3808 aa:

239 3831 266 3891 7.
289 3827 338 3907 „0
363 3826 489 3892 Christe
510 3835 623 3909 potens
646 3833 679 3894 et
699 3829 911 3911 omniparens
936 3845 1058 3910 precor,
1085 3845 1126 3893 ne
1148 3829 1273 3892 statuas
1297 3824 1362 3891 illis
1385 3825 1450 3891 ista
1476 3822 1518 3888 ad

364 3917 529 3991 peccatum
545 3912 711 3978 crimina‘*

239 4001 269 4060 8.
291 3995 380 4060 Haec
402 3995 564 4074 citatque
584 3995 784 4062 commendat
805 4015 899 4062 suum
921 3997 1069 4081 spiritum
1088 3994 1122 4061 in
1143 4013 1256 4061 manns
1277 3992 1394 4060 summi
1413 3991 1517 4074 patris

367 4078 561 4159 linquentem
577 4081 752 4146 terrestria.

237 4167 266 4227 9.
288 4161 354 4228 Nos
368 4163 467 4243 igitur
481 4164 640 4244 poscimus
654 4163 772 4242 miseri,
788 4163 895 4231 alacer
908 4164 1034 4230 Domini
1049 4163 1182 4238 athleta,

218 4250 267 4309 10.
290 4245 389 4312 Nobis
404 4245 528 4311 veniam
543 4248 662 4329 iugiter
676 4247 854 4330 postulans,
871 4253 907 4313 ut
921 4254 1033 4314 nostra
1047 4247 1154 4314 deleas
1170 4249 1282 4312 cuncta
1298 4243 1425 4322 delicta,

219 4333 267 4393 11.
289 4329 333 4394 Et
357 4329 491 4476 ndnundes
517 4333 623 4396 omnia
647 4331 799 4413 facinora,
824 4339 861 4398 ut
886 4349 942 4414 per
967 4337 1040 4398 tuas
1065 4349 1177 4416 preces
1201 4330 1362 4414 possimus
1386 4327 1517 4394 liberari

390 4431 525 4494 opoena

219 4499 267 4562 12.
289 4496 333 4562 Et
356 4497 603 4648 cloeliwpraemia
626 4503 782 4584 perpetua
808 4499 913 4567 cuncti
937 4503 1043 4567 tecum
1068 4499 1146 4568 laeti
1170 4503 1279 4567 tenere
1303 4497 1371 4566 rita
1393 4501 1518 4580 sonipcr

387 4600 426 4648 ea
462 4632 469 4646 .

220 4667 268 4730 13.
291 4663 454 4749 Stephane
469 4664 600 4750 signifer
615 4671 649 4735 et
661 4671 877 4752 protomartyr
889 4669 1016 4737 invicte.
