3240 5224
711 229 941 291 -270-

203 417 232 476 7.
253 409 297 476 Hi
312 415 388 476 sunt
403 411 483 476 coeli
497 411 697 478 continentes
711 417 835 479 secreta
849 413 1015 494 coelestia;

253 495 297 560 Hi
312 499 388 560 sunt
402 497 513 574 nubea,
529 495 613 562 unde
628 501 737 564 manat
751 498 967 564 doctrinarum
982 498 1100 579 pluvia.

201 585 231 646 8.
254 579 297 644 Η1
313 583 389 645 sunt
403 579 513 662 templi
528 579 744 661 fundamenta,
760 588 836 648 sunt
850 586 970 664 portae,
987 586 1062 647 sunt
1076 581 1168 662 atria,
1238 619 1242 625 ·

253 664 336 730 Sunt
350 665 445 730 bases
461 684 481 729 a
519 683 559 729 uc
574 665 749 746 columnae,
766 667 884 748 quibus
899 671 964 731 stat
977 665 1132 732 Ecclesia.

202 752 232 812 9.
255 748 337 813 Sunt
352 747 405 812 lux
421 669 539 828 maffia,
554 750 661 829 verbo,
678 751 763 815 vitae
776 749 976 816 illustrantes
992 751 1106 830 omnia,

111 899 115 906 ,
254 833 336 896 Sunt
350 831 398 897 sal
413 837 517 897 terrae
534 833 717 898 condientes
732 852 855 898 morum
870 833 1091 916 temperantia.

184 919 231 979 10.
255 915 337 980 Sunt
351 921 497 996 pastores
511 919 702 1000 populorum
717 923 881 983 servantes
897 917 1001 998 ovilia,

254 999 337 1065 Sunt
352 1001 506 1078 doctores
524 1001 725 1066 subditorum
739 1006 921 1067 exercentes
936 1002 1053 1068 studia.

184 1086 231 1146 11.
254 1083 378 1147 Horum
393 1103 470 1164 ergo
485 1083 666 1166 flagitemus
681 1103 791 1151 omnes
805 1086 991 1168 patrocinia,

253 1165 300 1232 Ut
315 1167 463 1232 cumillis
478 1169 677 1249 gratulemur
691 1171 725 1234 in
740 1171 870 1236 coelesti
885 1173 1001 1253 patria.
1023 1169 1134 1236 Amen.

252 1291 277 1330 a.
296 1274 392 1330 Tenet.
429 1277 514 1331 Mona
534 1276 587 1333 No.
608 1279 715 1350 661(3,
736 1279 790 1348 00.)
810 1295 876 1334 111.-
901 1279 953 1334 Ha.
974 1295 1011 1334 au
1033 1279 1305 1348 Donaucsclriaqem
1332 1279 1380 1330 14.
1402 1275 1500 1330 Jubrb.

180 1345 434 1473 ssifflwkmm
459 1349 515 1419 (A).
554 1379 589 1390 -
625 1350 1173 1420 1111111212.111111Ρ1111111111
1200 1354 1270 1406 1521
1306 1349 1365 1420 (Β).
1405 1345 1502 1402 Daniel

207 1459 214 1486 ,
289 1456 295 1468 .

253 1504 486 1562 1111111111.
526 1512 551 1575 1,
570 1512 595 1562 2.
615 1515 698 1578 terra,
717 1525 772 1577 qua
790 1525 841 1565 sua
859 1507 916 1566 iud.
934 1509 967 1564 A.
990 1537 1019 1548 -
1041 1511 1066 1578 2,
1086 1511 1111 1562 2.
1131 1509 1206 1566 Haec
1226 1509 1261 1564 de
1275 1509 1314 1564 A.
1336 1537 1374 1548 -
1394 1509 1421 1575 4,
1440 1508 1466 1559 2.
1484 1503 1500 1559 1.

181 1576 319 1645 homoque
338 1577 369 1630 B.
390 1607 423 1616 -
442 1580 503 1646 6,1.
521 1579 656 1650 praefecit
674 1580 707 1635 A.
727 1611 762 1621 ·-
781 1585 807 1650 6,
826 1583 851 1634 2.
872 1580 924 1650 Qui
943 1581 987 1635 nb.
1006 1580 1040 1635 A.
1065 1611 1100 1620 -
1123 1584 1149 1648 7,
1171 1585 1193 1634 1.
1214 1597 1287 1636 seer.
1309 1579 1451 1650 mysteria
1469 1577 1499 1631 Δ.

181 1652 292 1787 i-,JsiS'tA
294 1651 319 1702 2
339 1648 502 1706 doctrinalis
520 1651 551 1706 B.
580 1681 615 1692 -
642 1655 667 1722 9,
689 1656 711 1706 1.
731 1651 805 1708 ritae
823 1653 877 1709 Be.
903 1682 937 1692 -
963 1655 1004 1721 11,
1026 1655 1049 1706 1.
1068 1651 1224 1722 flagitamus
1244 1655 1279 1710 Α.
1302 1681 1341 1694 -
1371 1655 1415 1721 11,
1436 1653 1460 1704 2.
1478 1663 1499 1701 c.

579 1941 649 2004 376.
672 1939 723 2006 De
736 1938 854 2003 sanetas
867 1937 1092 2021 anamulata.

568 2053 683 2124 (Auctor
701 2061 744 2111 est
761 2053 850 2109 Adam
869 2053 904 2109 de
922 2055 948 2110 S.
969 2053 1101 2126 Victore.)

185 2181 212 2239 1.
238 2173 359 2241 Plausu
374 2176 488 2241 chorus
502 2176 696 2242 laetabundo
912 2177 1010 2243 Cuius
1024 2193 1125 2258 genus
1140 2177 1184 2242 sic
1200 2177 1359 2254 contexit,

238 2259 306 2324 Hos
321 2259 447 2338 1111111,
462 2277 520 2340 per
536 2277 615 2340 quos
629 2261 748 2327 mundo
912 2261 1272 2342 QnodastirpeDavid
1288 2260 1362 2326 exit

238 2342 361 2408 Sonant
378 2343 560 2424 evangelia:
910 2346 973 2410 Per
988 2345 1092 2411 carnis
1108 2347 1285 2410 materiam.

238 2427 325 2492 Voce
340 2443 475 2509 quorum
492 2427 578 2492 salus
594 2425 695 2510 fluxit,
856 2429 885 2491 6.
911 2429 1022 2494 Rictus
1036 2428 1126 2494 bouis
1142 2427 1248 2492 Lucae
1265 2429 1378 2509 datur,

238 2511 310 2576 Nox
324 2510 507 2594 praecessit,
522 2515 555 2576 et
569 2512 675 2580 illuxit
911 2513 948 2578 ln
964 2529 1027 2594 qua
1041 2513 1144 2578 forma
1157 2511 1317 2593 figuratur

238 2593 293 2660 Sol
308 2595 475 2662 illustrans
494 2596 610 2665 omnia.
912 2596 1003 2664 Nova
1019 2596 1164 2663 Christus
1179 2595 1300 2661 hostia:

182 2679 211 2742 2.
239 2678 356 2745 Curam
370 2697 470 2760 agens
489 2681 539 2746 sui
553 2680 659 2762 gregis
911 2682 977 2747 Ara
992 2683 1094 2748 crucis
1110 2686 1294 2747 mansuetus

236 2764 352 2829 Pastor
366 2763 478 2842 bonus,
496 2767 608 2830 auctor
621 2765 710 2846 legis,
910 2765 972 2832 Hic
986 2769 1155 2840 mactatur,
1169 2765 1215 2830 sic
1230 2769 1375 2831 etvetus

237 2847 554 2925 Quatuorinstituit:
911 2849 1041 2916 Transit
1056 2849 1270 2916 observantia.

238 2931 359 3008 Quadri
376 2931 463 2997 orbis
479 2932 521 2996 ad
535 2930 692 2996 medelam
856 2934 884 2992 7.
911 2933 972 3000 Est
985 2933 1086 2998 leonis
1101 2933 1257 3014 rugientis

237 3015 386 3080 Formam
402 3015 482 3081 iuris
498 3020 531 3080 et
546 3017 702 3082 cautelam
910 3018 1019 3084 Marco
1034 3017 1151 3096 vultus
1165 3017 1369 3098 resurgentis

237 3099 300 3164 Per
315 3118 394 3182 quos
410 3099 506 3166 scribi
518 3099 629 3166 voluit.
911 3101 980 3178 Quo
996 3102 1096 3166 claret
1111 3101 1271 3183 potentia:

182 3181 211 3244 3.
238 3183 330 3249 Circa
344 3185 452 3250 thema
469 3184 618 3267 generale
910 3187 996 3252 Voce
1010 3185 1113 3266 patris
1127 3185 1284 3250 excitatus

238 3267 347 3333 Habet
361 3269 495 3348 quisquc
511 3269 651 3350 speciale
911 3270 1022 3350 Surgit
1037 3267 1192 3348 Christus,
1209 3268 1377 3332 laureatus

238 3351 544 3434 Stiliprivilegium:
910 3353 1214 3432 Immortaliglorla.

237 3435 325 3512 Quos
339 3435 488 3517 designat
501 3436 534 3501 in
549 3438 715 3520 propheta,
855 3435 885 3495 8.
910 3437 969 3503 Η11
984 3435 1150 3516 quadrigis
1165 3437 1353 3517 deportatur

236 3521 354 3585 Forma
369 3519 474 3600 pictus
489 3521 547 3588 sub
564 3521 704 3588 discreta
911 3519 1032 3586 Mundo
1047 3519 1141 3600 Dens,
1158 3520 1351 3584 sublimatur

237 3603 356 3670 Vultus
370 3603 562 3670 animalium.
910 3605 987 3672 Istis
1002 3604 1099 3670 archa
1114 3603 1266 3680 uectibus,

182 3682 211 3748 4.
238 3687 365 3754 Pellena
380 3690 496 3754 nubem
511 3693 641 3753 nostrae
656 3689 756 3772 molis,
911 3688 1059 3754 Paradisi
1074 3689 1154 3752 haee
1172 3685 1292 3751 fluenta

237 3773 386 3839 Intuetur
400 3773 493 3840 iubar
508 3771 585 3838 solis
911 3774 1003 3840 Nova
1017 3770 1128 3852 111111,
1145 3773 1356 3846 sacramenta,

237 3857 373 3923 Ioannes
388 3857 421 3922 in
437 3857 554 3940 aquila,
911 3859 1001 3936 Quae
1016 3857 1156 3921 irrorent
1172 3855 1333 3937 gentibus.

239 3940 343 4024 Supra
357 3942 463 4008 coelos
478 3941 553 4006 dum
568 3940 752 4006 conscendit
855 3935 884 3994 9-
911 3942 983 4008 Non
998 3945 1049 4006 est
1064 3939 1176 4006 domus
1191 3939 1326 4015 ruitura,

239 4023 317 4089 Sinu
332 4025 434 4106 patris
449 4025 690 4106 comprehendit
910 4025 980 4091 Hac
996 4024 1131 4090 subnixa
1145 4023 1353 4104 quadratura,

239 4108 600 4174 Natumantesaecula.
910 4109 999 4175 Haec
1014 4112 1062 4174 est
1077 4108 1190 4173 domus
1206 4105 1349 4170 Domini:

185 4187 214 4249 5·
240 4191 284 4257 Os
299 4191 471 4256 humanum
489 4197 538 4257 est
552 4192 720 4272 Matthaei,
911 4192 1076 4258 Gloriatur
1090 4194 1123 4257 in
1137 4192 1197 4257 hac
1213 4193 1316 4268 domo,

239 4275 429 4342 Inhumana
443 4273 555 4354 lorrna,
570 4275 631 4342 Dei
912 4276 982 4353 Qua
995 4277 1108 4342 beatus
1123 4275 1202 4341 vivit
1216 4275 1320 4352 homo,

239 4359 399 4424 Distentis
413 4359 606 4442 prosapiam,
911 4361 998 4426 Deus
1013 4361 1140 4426 iunctus
1155 4359 1285 4426 homini.

254 4483 280 4521 a.
299 4465 394 4520 Teat.
430 4467 514 4521 Mona
531 4466 584 4522 No.
604 4471 656 4522 720
676 4468 711 4537 (3,
732 4469 801 4536 130.)
821 4485 888 4525 area:
913 4467 1105 4523 Reicbeaaucr
1125 4467 1308 4534 Autipborrar
1328 4481 1365 4520 11
1383 4455 1480 4516 Karta·

183 4537 254 4592 rubo
271 4539 322 4594 No.
341 4541 403 4593 209.
422 4537 468 4592 Bl.
487 4541 532 4593 32.
550 4539 603 4592 mit
621 4537 813 4607 1111111οά11,
832 4544 875 4594 14.
884 4539 994 4607 Jatrt,
1014 4539 1058 4594 dic
1071 4538 1284 4608 Halbalropbca
1301 4553 1338 4590 aa
1351 4523 1480 4590 wasme!-

185 4609 287 4666 chorea
304 4610 485 4682 ciaqmiclrtet
504 4609 559 4682 (Α).
595 4608 648 4666 Hs.
667 4625 704 4666 au
721 4609 864 4682 1111191111
887 4611 959 4668 Bibl.
978 4613 1021 4666 20.
1052 4609 1070 4665 1.
1091 4613 1134 4666 78.
1161 4613 1204 4664 14.
1223 4608 1324 4665 Jahrb.
1343 4607 1396 4678 (B).
1430 4597 1480 4656 Hi·
