<?xml version="1.0" encoding="UTF-8"?>
<!DOCTYPE html PUBLIC "-//W3C//DTD XHTML 1.0 Transitional//EN"
    "http://www.w3.org/TR/xhtml1/DTD/xhtml1-transitional.dtd">
<html xmlns="http://www.w3.org/1999/xhtml" xml:lang="en" lang="en">
 <head>
  <title>
</title>
<meta http-equiv="Content-Type" content="text/html;charset=utf-8" />
  <meta name='ocr-system' content='tesseract 3.04.00' />
  <meta name='ocr-capabilities' content='ocr_page ocr_carea ocr_par ocr_line ocrx_word'/>
</head>
<body>
  <div class='ocr_page' id='page_1' title='image "./lateinischesequ02kehrgoog_0618.png"; bbox 0 0 3210 5230; ppageno 0'>
   <div class='ocr_carea' id='block_1_1' title="bbox 684 255 916 318">
    <p class='ocr_par' dir='ltr' id='par_1_1' title="bbox 684 255 916 318">
     <span class='ocr_line' id='line_1_1' title="bbox 684 255 916 318; baseline -0.009 1"><span class='ocrx_word' id='word_1_1' title='bbox 684 255 916 318; x_wconf 83' lang='lat'><strong>—599-</strong></span> 
     </span>
    </p>
   </div>
   <div class='ocr_carea' id='block_1_2' title="bbox 153 435 1450 1778">
    <p class='ocr_par' dir='ltr' id='par_1_2' title="bbox 172 435 1449 603">
     <span class='ocr_line' id='line_1_2' title="bbox 172 435 1449 508; baseline 0.003 -6"><span class='ocrx_word' id='word_1_2' title='bbox 172 442 201 503; x_wconf 88' lang='lat'><strong>5.</strong></span> <span class='ocrx_word' id='word_1_3' title='bbox 222 437 284 502; x_wconf 90' lang='lat' dir='ltr'><strong>Dei</strong></span> <span class='ocrx_word' id='word_1_4' title='bbox 304 455 365 502; x_wconf 87' lang='lat' dir='ltr'><strong>vor</strong></span> <span class='ocrx_word' id='word_1_5' title='bbox 385 435 603 502; x_wconf 89' lang='lat' dir='ltr'><strong>intercidentis</strong></span> <span class='ocrx_word' id='word_1_6' title='bbox 625 436 676 502; x_wconf 90' lang='lat' dir='ltr'><strong>hic</strong></span> <span class='ocrx_word' id='word_1_7' title='bbox 697 435 858 502; x_wconf 87' lang='lat' dir='ltr'><strong>flammam</strong></span> <span class='ocrx_word' id='word_1_8' title='bbox 877 441 927 501; x_wconf 87' lang='lat' dir='ltr'><strong>est</strong></span> <span class='ocrx_word' id='word_1_9' title='bbox 946 436 1087 503; x_wconf 88' lang='lat' dir='ltr'><strong>libidinis</strong></span> <span class='ocrx_word' id='word_1_10' title='bbox 1107 443 1140 504; x_wconf 90' lang='lat' dir='ltr'><strong>et</strong></span> <span class='ocrx_word' id='word_1_11' title='bbox 1160 457 1221 506; x_wconf 83' lang='lat' dir='ltr'><strong>vox</strong></span> <span class='ocrx_word' id='word_1_12' title='bbox 1243 439 1354 506; x_wconf 82' lang='lat' dir='ltr'>cedros</span> <span class='ocrx_word' id='word_1_13' title='bbox 1376 458 1449 508; x_wconf 87' lang='lat' dir='ltr'><strong>con·</strong></span> 
     </span>
     <span class='ocr_line' id='line_1_3' title="bbox 298 520 1191 603; baseline 0.002 -18"><span class='ocrx_word' id='word_1_14' title='bbox 298 520 467 602; x_wconf 80' lang='lat' dir='ltr'><strong>fringentis</strong></span> <span class='ocrx_word' id='word_1_15' title='bbox 484 521 684 603; x_wconf 90' lang='lat' dir='ltr'><strong>superbiant</strong></span> <span class='ocrx_word' id='word_1_16' title='bbox 699 520 834 586; x_wconf 90' lang='lat' dir='ltr'><strong>hominis</strong></span> <span class='ocrx_word' id='word_1_17' title='bbox 849 521 996 587; x_wconf 90' lang='lat' dir='ltr'><strong>deorsum</strong></span> <span class='ocrx_word' id='word_1_18' title='bbox 1012 523 1191 588; x_wconf 86' lang='lat' dir='ltr'><strong>inclinetur.</strong></span> 
     </span>
    </p>

    <p class='ocr_par' dir='ltr' id='par_1_3' title="bbox 172 603 1449 772">
     <span class='ocr_line' id='line_1_4' title="bbox 172 603 1449 691; baseline 0.003 -22"><span class='ocrx_word' id='word_1_19' title='bbox 172 609 200 670; x_wconf 85' lang='lat'><strong>6.</strong></span> <span class='ocrx_word' id='word_1_20' title='bbox 223 606 292 674; x_wconf 82' lang='lat' dir='ltr'><strong>Vox</strong></span> <span class='ocrx_word' id='word_1_21' title='bbox 307 604 451 670; x_wconf 83' lang='lat' dir='ltr'><strong>revelans</strong></span> <span class='ocrx_word' id='word_1_22' title='bbox 467 610 518 670; x_wconf 88' lang='lat' dir='ltr'><strong>est</strong></span> <span class='ocrx_word' id='word_1_23' title='bbox 533 603 700 683; x_wconf 84' lang='lat' dir='ltr'><strong>condensa,</strong></span> <span class='ocrx_word' id='word_1_24' title='bbox 723 608 759 669; x_wconf 89' lang='lat' dir='ltr'><strong>ut</strong></span> <span class='ocrx_word' id='word_1_25' title='bbox 781 623 888 670; x_wconf 89' lang='lat' dir='ltr'><strong>omnes</strong></span> <span class='ocrx_word' id='word_1_26' title='bbox 904 605 1013 670; x_wconf 89' lang='lat' dir='ltr'><strong>dicant</strong></span> <span class='ocrx_word' id='word_1_27' title='bbox 1027 606 1160 686; x_wconf 84' lang='lat' dir='ltr'>gloriam</span> <span class='ocrx_word' id='word_1_28' title='bbox 1176 609 1281 688; x_wconf 82' lang='lat' dir='ltr'><strong>gratia</strong></span> <span class='ocrx_word' id='word_1_29' title='bbox 1294 626 1378 673; x_wconf 89' lang='lat' dir='ltr'><strong>nunc</strong></span> <span class='ocrx_word' id='word_1_30' title='bbox 1392 627 1449 691; x_wconf 93' lang='lat' dir='ltr'><strong>pro</strong></span> 
     </span>
     <span class='ocr_line' id='line_1_5' title="bbox 300 689 1258 772; baseline 0.004 -20"><span class='ocrx_word' id='word_1_31' title='bbox 300 689 444 770; x_wconf 88' lang='lat' dir='ltr'><strong>impensa</strong></span> <span class='ocrx_word' id='word_1_32' title='bbox 457 696 615 770; x_wconf 84' lang='lat' dir='ltr'><strong>purgante</strong></span> <span class='ocrx_word' id='word_1_33' title='bbox 630 690 742 770; x_wconf 89' lang='lat' dir='ltr'><strong>culpae</strong></span> <span class='ocrx_word' id='word_1_34' title='bbox 756 689 899 768; x_wconf 78' lang='lat' dir='ltr'><strong>scoriam,</strong></span> <span class='ocrx_word' id='word_1_35' title='bbox 915 696 952 754; x_wconf 90' lang='lat' dir='ltr'><strong>ut</strong></span> <span class='ocrx_word' id='word_1_36' title='bbox 966 691 1093 772; x_wconf 86' lang='lat' dir='ltr'><strong>penitus</strong></span> <span class='ocrx_word' id='word_1_37' title='bbox 1109 691 1258 767; x_wconf 85' lang='lat' dir='ltr'><strong>salvetur.</strong></span> 
     </span>
    </p>

    <p class='ocr_par' dir='ltr' id='par_1_4' title="bbox 171 771 1406 855">
     <span class='ocr_line' id='line_1_6' title="bbox 171 771 1406 855; baseline 0.002 -17"><span class='ocrx_word' id='word_1_38' title='bbox 171 778 200 842; x_wconf 84' lang='lat'><strong>7.</strong></span> <span class='ocrx_word' id='word_1_39' title='bbox 222 771 292 836; x_wconf 84' lang='lat' dir='ltr'><strong>Lux</strong></span> <span class='ocrx_word' id='word_1_40' title='bbox 307 773 390 838; x_wconf 89' lang='lat' dir='ltr'><strong>sicut</strong></span> <span class='ocrx_word' id='word_1_41' title='bbox 405 773 437 836; x_wconf 91' lang='lat' dir='ltr'><strong>in</strong></span> <span class='ocrx_word' id='word_1_42' title='bbox 453 771 585 839; x_wconf 89' lang='lat' dir='ltr'><strong>meridie</strong></span> <span class='ocrx_word' id='word_1_43' title='bbox 600 772 703 837; x_wconf 85' lang='lat' dir='ltr'><strong>adhuc</strong></span> <span class='ocrx_word' id='word_1_44' title='bbox 717 773 764 836; x_wconf 91' lang='lat' dir='ltr'><strong>sic</strong></span> <span class='ocrx_word' id='word_1_45' title='bbox 778 773 863 838; x_wconf 87' lang='lat' dir='ltr'><strong>lucet</strong></span> <span class='ocrx_word' id='word_1_46' title='bbox 876 773 972 838; x_wconf 90' lang='lat' dir='ltr'><strong>hodie</strong></span> <span class='ocrx_word' id='word_1_47' title='bbox 986 792 1044 855; x_wconf 91' lang='lat' dir='ltr'><strong>per</strong></span> <span class='ocrx_word' id='word_1_48' title='bbox 1058 774 1156 840; x_wconf 88' lang='lat' dir='ltr'><strong>uitam</strong></span> <span class='ocrx_word' id='word_1_49' title='bbox 1173 781 1207 840; x_wconf 92' lang='lat' dir='ltr'><strong>et</strong></span> <span class='ocrx_word' id='word_1_50' title='bbox 1221 775 1406 842; x_wconf 80' lang='lat' dir='ltr'><strong>doctrinam.</strong></span> 
     </span>
    </p>

    <p class='ocr_par' dir='ltr' id='par_1_5' title="bbox 172 856 1267 938">
     <span class='ocr_line' id='line_1_7' title="bbox 172 856 1267 938; baseline 0.004 -18"><span class='ocrx_word' id='word_1_51' title='bbox 172 861 201 920; x_wconf 82' lang='grc'><strong>8.</strong></span> <span class='ocrx_word' id='word_1_52' title='bbox 223 856 272 920; x_wconf 86' lang='grc' dir='ltr'><strong>Νε</strong></span> <span class='ocrx_word' id='word_1_53' title='bbox 287 857 358 938; x_wconf 91' lang='lat' dir='ltr'><strong>quis</strong></span> <span class='ocrx_word' id='word_1_54' title='bbox 374 857 406 921; x_wconf 92' lang='lat' dir='ltr'><strong>in</strong></span> <span class='ocrx_word' id='word_1_55' title='bbox 422 857 481 920; x_wconf 90' lang='lat' dir='ltr'><strong>hoc</strong></span> <span class='ocrx_word' id='word_1_56' title='bbox 496 857 589 922; x_wconf 84' lang='lat' dir='ltr'><strong>exilio</strong></span> <span class='ocrx_word' id='word_1_57' title='bbox 605 857 648 922; x_wconf 91' lang='lat' dir='ltr'><strong>sit</strong></span> <span class='ocrx_word' id='word_1_58' title='bbox 661 857 730 922; x_wconf 91' lang='lat' dir='ltr'><strong>sinc</strong></span> <span class='ocrx_word' id='word_1_59' title='bbox 745 857 825 921; x_wconf 92' lang='lat' dir='ltr'><strong>lucis</strong></span> <span class='ocrx_word' id='word_1_60' title='bbox 839 857 940 935; x_wconf 80' lang='lat' dir='ltr'><strong>radio,</strong></span> <span class='ocrx_word' id='word_1_61' title='bbox 957 865 993 923; x_wconf 92' lang='lat' dir='ltr'><strong>ut</strong></span> <span class='ocrx_word' id='word_1_62' title='bbox 1008 863 1119 923; x_wconf 87' lang='lat' dir='ltr'><strong>caveat</strong></span> <span class='ocrx_word' id='word_1_63' title='bbox 1133 859 1267 924; x_wconf 89' lang='lat' dir='ltr'><strong>ruinam.</strong></span> 
     </span>
    </p>

    <p class='ocr_par' dir='ltr' id='par_1_6' title="bbox 172 939 1372 1021">
     <span class='ocr_line' id='line_1_8' title="bbox 172 939 1372 1021; baseline 0.003 -17"><span class='ocrx_word' id='word_1_64' title='bbox 172 945 200 1004; x_wconf 91' lang='grc'><strong>9.</strong></span> <span class='ocrx_word' id='word_1_65' title='bbox 223 940 309 1021; x_wconf 84' lang='lat' dir='ltr'><strong>Ergo</strong></span> <span class='ocrx_word' id='word_1_66' title='bbox 325 941 427 1004; x_wconf 91' lang='lat' dir='ltr'><strong>lucem</strong></span> <span class='ocrx_word' id='word_1_67' title='bbox 442 939 517 1004; x_wconf 92' lang='lat' dir='ltr'><strong>dum</strong></span> <span class='ocrx_word' id='word_1_68' title='bbox 533 940 658 1006; x_wconf 89' lang='lat' dir='ltr'><strong>hahetis</strong></span> <span class='ocrx_word' id='word_1_69' title='bbox 672 957 729 1004; x_wconf 82' lang='lat' dir='ltr'><strong>uos</strong></span> <span class='ocrx_word' id='word_1_70' title='bbox 744 941 776 1004; x_wconf 92' lang='lat' dir='ltr'><strong>irr</strong></span> <span class='ocrx_word' id='word_1_71' title='bbox 792 939 861 1004; x_wconf 91' lang='lat' dir='ltr'><strong>luce</strong></span> <span class='ocrx_word' id='word_1_72' title='bbox 878 940 1058 1020; x_wconf 81' lang='lat' dir='ltr'><strong>ambuletis,</strong></span> <span class='ocrx_word' id='word_1_73' title='bbox 1074 947 1111 1007; x_wconf 91' lang='lat' dir='ltr'><strong>ut</strong></span> <span class='ocrx_word' id='word_1_74' title='bbox 1125 943 1204 1007; x_wconf 93' lang='lat' dir='ltr'><strong>lucis</strong></span> <span class='ocrx_word' id='word_1_75' title='bbox 1221 944 1291 1008; x_wconf 90' lang='lat' dir='ltr'><strong>sitis</strong></span> <span class='ocrx_word' id='word_1_76' title='bbox 1305 941 1372 1008; x_wconf 89' lang='lat' dir='ltr'><strong>filii.</strong></span> 
     </span>
    </p>

    <p class='ocr_par' dir='ltr' id='par_1_7' title="bbox 155 1023 1449 1108">
     <span class='ocr_line' id='line_1_9' title="bbox 155 1023 1449 1108; baseline 0.003 -22"><span class='ocrx_word' id='word_1_77' title='bbox 155 1027 201 1090; x_wconf 81' lang='lat' dir='ltr'><strong>lo.</strong></span> <span class='ocrx_word' id='word_1_78' title='bbox 224 1023 268 1089; x_wconf 88' lang='lat' dir='ltr'><strong>Ut</strong></span> <span class='ocrx_word' id='word_1_79' title='bbox 284 1024 426 1090; x_wconf 84' lang='lat' dir='ltr'><strong>odiliam</strong></span> <span class='ocrx_word' id='word_1_80' title='bbox 442 1041 538 1104; x_wconf 89' lang='lat' dir='ltr'><strong>quam</strong></span> <span class='ocrx_word' id='word_1_81' title='bbox 552 1025 671 1106; x_wconf 89' lang='lat' dir='ltr'><strong>optatis</strong></span> <span class='ocrx_word' id='word_1_82' title='bbox 687 1023 784 1088; x_wconf 88' lang='lat' dir='ltr'><strong>vitam</strong></span> <span class='ocrx_word' id='word_1_83' title='bbox 800 1041 907 1089; x_wconf 90' lang='lat' dir='ltr'><strong>veram</strong></span> <span class='ocrx_word' id='word_1_84' title='bbox 923 1027 1060 1090; x_wconf 87' lang='lat' dir='ltr'><strong>veniatis</strong></span> <span class='ocrx_word' id='word_1_85' title='bbox 1075 1027 1115 1091; x_wconf 92' lang='lat' dir='ltr'><strong>dc</strong></span> <span class='ocrx_word' id='word_1_86' title='bbox 1130 1027 1449 1108; x_wconf 87' lang='lat' dir='ltr'><strong>lumineHieronymi.</strong></span> 
     </span>
    </p>

    <p class='ocr_par' dir='ltr' id='par_1_8' title="bbox 154 1105 1448 1273">
     <span class='ocr_line' id='line_1_10' title="bbox 154 1105 1448 1188; baseline 0.004 -18"><span class='ocrx_word' id='word_1_87' title='bbox 154 1111 202 1171; x_wconf 91' lang='lat' dir='ltr'><strong>ll.</strong></span> <span class='ocrx_word' id='word_1_88' title='bbox 224 1105 312 1183; x_wconf 84' lang='lat' dir='ltr'><strong>Quae</strong></span> <span class='ocrx_word' id='word_1_89' title='bbox 326 1109 412 1188; x_wconf 82' lang='lat' dir='ltr'><strong>ligno</strong></span> <span class='ocrx_word' id='word_1_90' title='bbox 428 1107 516 1173; x_wconf 84' lang='lat' dir='ltr'><strong>fonte</strong></span> <span class='ocrx_word' id='word_1_91' title='bbox 530 1125 611 1188; x_wconf 91' lang='lat' dir='ltr'><strong>quac</strong></span> <span class='ocrx_word' id='word_1_92' title='bbox 629 1108 714 1173; x_wconf 86' lang='lat' dir='ltr'><strong>vitae</strong></span> <span class='ocrx_word' id='word_1_93' title='bbox 736 1107 787 1172; x_wconf 92' lang='lat' dir='ltr'><strong>hic</strong></span> <span class='ocrx_word' id='word_1_94' title='bbox 806 1107 909 1172; x_wconf 91' lang='lat' dir='ltr'><strong>reficit</strong></span> <span class='ocrx_word' id='word_1_95' title='bbox 923 1109 1088 1174; x_wconf 87' lang='lat' dir='ltr'><strong>ecclesiam</strong></span> <span class='ocrx_word' id='word_1_96' title='bbox 1110 1110 1151 1174; x_wconf 92' lang='lat' dir='ltr'><strong>ob</strong></span> <span class='ocrx_word' id='word_1_97' title='bbox 1166 1111 1225 1176; x_wconf 95' lang='lat' dir='ltr'><strong>hoc</strong></span> <span class='ocrx_word' id='word_1_98' title='bbox 1241 1129 1349 1176; x_wconf 90' lang='lat' dir='ltr'><strong>omnes</strong></span> <span class='ocrx_word' id='word_1_99' title='bbox 1364 1111 1448 1176; x_wconf 92' lang='lat' dir='ltr'><strong>hunc</strong></span> 
     </span>
     <span class='ocr_line' id='line_1_11' title="bbox 301 1190 1100 1273; baseline 0 -15"><span class='ocrx_word' id='word_1_100' title='bbox 301 1191 388 1258; x_wconf 89' lang='lat' dir='ltr'><strong>adite</strong></span> <span class='ocrx_word' id='word_1_101' title='bbox 402 1190 522 1270; x_wconf 77' lang='lat' dir='ltr'><strong>reiecti,</strong></span> <span class='ocrx_word' id='word_1_102' title='bbox 538 1197 574 1257; x_wconf 91' lang='lat' dir='ltr'><strong>ut</strong></span> <span class='ocrx_word' id='word_1_103' title='bbox 588 1211 645 1273; x_wconf 90' lang='lat' dir='ltr'><strong>per</strong></span> <span class='ocrx_word' id='word_1_104' title='bbox 660 1191 796 1272; x_wconf 87' lang='lat' dir='ltr'><strong>gratiam</strong></span> <span class='ocrx_word' id='word_1_105' title='bbox 811 1191 896 1257; x_wconf 87' lang='lat' dir='ltr'><strong>fiatis</strong></span> <span class='ocrx_word' id='word_1_106' title='bbox 911 1193 1100 1258; x_wconf 82' lang='lat' dir='ltr'><strong>reviventes.</strong></span> 
     </span>
    </p>

    <p class='ocr_par' dir='ltr' id='par_1_9' title="bbox 153 1275 1449 1442">
     <span class='ocr_line' id='line_1_12' title="bbox 153 1275 1449 1358; baseline 0.002 -18"><span class='ocrx_word' id='word_1_107' title='bbox 153 1279 202 1340; x_wconf 86' lang='lat'><strong>12.</strong></span> <span class='ocrx_word' id='word_1_108' title='bbox 224 1279 328 1356; x_wconf 85' lang='lat' dir='ltr'><strong>htqua</strong></span> <span class='ocrx_word' id='word_1_109' title='bbox 349 1275 388 1340; x_wconf 92' lang='lat' dir='ltr'><strong>de</strong></span> <span class='ocrx_word' id='word_1_110' title='bbox 411 1294 554 1342; x_wconf 88' lang='lat' dir='ltr'><strong>recemur</strong></span> <span class='ocrx_word' id='word_1_111' title='bbox 576 1295 646 1341; x_wconf 90' lang='lat' dir='ltr'><strong>eum</strong></span> <span class='ocrx_word' id='word_1_112' title='bbox 669 1293 741 1342; x_wconf 88' lang='lat' dir='ltr'><strong>nam</strong></span> <span class='ocrx_word' id='word_1_113' title='bbox 764 1281 892 1358; x_wconf 89' lang='lat' dir='ltr'><strong>praesto</strong></span> <span class='ocrx_word' id='word_1_114' title='bbox 914 1283 965 1340; x_wconf 84' lang='lat' dir='ltr'><strong>est</strong></span> <span class='ocrx_word' id='word_1_115' title='bbox 983 1277 1199 1358; x_wconf 74' lang='lat' dir='ltr'><strong>precantibus</strong></span> <span class='ocrx_word' id='word_1_116' title='bbox 1221 1283 1257 1342; x_wconf 88' lang='lat' dir='ltr'><strong>ut</strong></span> <span class='ocrx_word' id='word_1_117' title='bbox 1277 1296 1335 1358; x_wconf 92' lang='lat' dir='ltr'><strong>pro</strong></span> <span class='ocrx_word' id='word_1_118' title='bbox 1357 1278 1449 1344; x_wconf 92' lang='lat' dir='ltr'><strong>nobis</strong></span> 
     </span>
     <span class='ocr_line' id='line_1_13' title="bbox 299 1296 1332 1442; baseline 0.001 -18"><span class='ocrx_word' id='word_1_119' title='bbox 299 1365 368 1424; x_wconf 87' lang='lat' dir='ltr'><strong>oret</strong></span> <span class='ocrx_word' id='word_1_120' title='bbox 383 1296 486 1424; x_wconf 59' lang='lat' dir='ltr'><strong>Reum</strong></span> <span class='ocrx_word' id='word_1_121' title='bbox 500 1359 584 1424; x_wconf 88' lang='lat' dir='ltr'><strong>huuc</strong></span> <span class='ocrx_word' id='word_1_122' title='bbox 598 1377 728 1442; x_wconf 87' lang='lat' dir='ltr'><strong>ymnum</strong></span> <span class='ocrx_word' id='word_1_123' title='bbox 742 1359 987 1425; x_wconf 81' lang='lat' dir='ltr'><strong>decantantibus</strong></span> <span class='ocrx_word' id='word_1_124' title='bbox 1001 1361 1164 1427; x_wconf 88' lang='lat' dir='ltr'><strong>humiliter</strong></span> <span class='ocrx_word' id='word_1_125' title='bbox 1180 1362 1332 1426; x_wconf 90' lang='lat' dir='ltr'><strong>dicentes.</strong></span> 
     </span>
    </p>

    <p class='ocr_par' dir='ltr' id='par_1_10' title="bbox 153 1443 1449 1610">
     <span class='ocr_line' id='line_1_14' title="bbox 153 1443 1449 1526; baseline 0.002 -19"><span class='ocrx_word' id='word_1_126' title='bbox 153 1447 200 1512; x_wconf 89' lang='lat'><strong>13.</strong></span> <span class='ocrx_word' id='word_1_127' title='bbox 223 1443 250 1510; x_wconf 91' lang='lat'>0</span> <span class='ocrx_word' id='word_1_128' title='bbox 269 1450 363 1525; x_wconf 89' lang='lat' dir='ltr'><strong>pater</strong></span> <span class='ocrx_word' id='word_1_129' title='bbox 383 1444 600 1510; x_wconf 86' lang='lat' dir='ltr'><strong>amantissime</strong></span> <span class='ocrx_word' id='word_1_130' title='bbox 619 1443 780 1526; x_wconf 88' lang='lat' dir='ltr'><strong>perdulcis</strong></span> <span class='ocrx_word' id='word_1_131' title='bbox 802 1443 866 1508; x_wconf 84' lang='lat' dir='ltr'><strong>dur</strong></span> <span class='ocrx_word' id='word_1_132' title='bbox 887 1443 1078 1526; x_wconf 88' lang='lat' dir='ltr'><strong>Hieronyme</strong></span> <span class='ocrx_word' id='word_1_133' title='bbox 1098 1445 1131 1510; x_wconf 92' lang='lat' dir='ltr'><strong>in</strong></span> <span class='ocrx_word' id='word_1_134' title='bbox 1153 1446 1205 1511; x_wconf 88' lang='lat' dir='ltr'><strong>via</strong></span> <span class='ocrx_word' id='word_1_135' title='bbox 1225 1445 1271 1510; x_wconf 87' lang='lat' dir='ltr'><strong>ier</strong></span> <span class='ocrx_word' id='word_1_136' title='bbox 1286 1443 1449 1524; x_wconf 82' lang='lat' dir='ltr'><strong>auxilium,</strong></span> 
     </span>
     <span class='ocr_line' id='line_1_15' title="bbox 299 1527 1032 1610; baseline 0 -18"><span class='ocrx_word' id='word_1_137' title='bbox 299 1547 339 1592; x_wconf 91' lang='lat' dir='ltr'><strong>nc</strong></span> <span class='ocrx_word' id='word_1_138' title='bbox 353 1528 462 1593; x_wconf 91' lang='lat' dir='ltr'><strong>mundi</strong></span> <span class='ocrx_word' id='word_1_139' title='bbox 479 1546 534 1609; x_wconf 92' lang='lat' dir='ltr'><strong>per</strong></span> <span class='ocrx_word' id='word_1_140' title='bbox 548 1527 677 1593; x_wconf 88' lang='lat' dir='ltr'><strong>exilium</strong></span> <span class='ocrx_word' id='word_1_141' title='bbox 690 1545 820 1592; x_wconf 84' lang='lat' dir='ltr'><strong>ruamus</strong></span> <span class='ocrx_word' id='word_1_142' title='bbox 835 1527 867 1591; x_wconf 92' lang='lat' dir='ltr'><strong>in</strong></span> <span class='ocrx_word' id='word_1_143' title='bbox 883 1527 1032 1610; x_wconf 92' lang='lat' dir='ltr'><strong>pericula.</strong></span> 
     </span>
    </p>

    <p class='ocr_par' dir='ltr' id='par_1_11' title="bbox 153 1609 1450 1778">
     <span class='ocr_line' id='line_1_16' title="bbox 153 1609 1450 1695; baseline 0.002 -20"><span class='ocrx_word' id='word_1_144' title='bbox 153 1615 199 1675; x_wconf 80' lang='lat' dir='ltr'><strong>ll.</strong></span> <span class='ocrx_word' id='word_1_145' title='bbox 222 1612 285 1677; x_wconf 88' lang='lat' dir='ltr'><strong>Sed</strong></span> <span class='ocrx_word' id='word_1_146' title='bbox 301 1615 405 1677; x_wconf 85' lang='lat' dir='ltr'><strong>tecum</strong></span> <span class='ocrx_word' id='word_1_147' title='bbox 420 1618 456 1677; x_wconf 91' lang='lat' dir='ltr'><strong>ut</strong></span> <span class='ocrx_word' id='word_1_148' title='bbox 470 1611 503 1676; x_wconf 94' lang='lat' dir='ltr'><strong>iu</strong></span> <span class='ocrx_word' id='word_1_149' title='bbox 517 1612 625 1694; x_wconf 87' lang='lat' dir='ltr'><strong>patria</strong></span> <span class='ocrx_word' id='word_1_150' title='bbox 638 1612 796 1693; x_wconf 91' lang='lat' dir='ltr'><strong>possimus</strong></span> <span class='ocrx_word' id='word_1_151' title='bbox 812 1609 874 1676; x_wconf 84' lang='lat' dir='ltr'><strong>frui</strong></span> <span class='ocrx_word' id='word_1_152' title='bbox 890 1613 1004 1692; x_wconf 78' lang='lat' dir='ltr'><strong>gratia,</strong></span> <span class='ocrx_word' id='word_1_153' title='bbox 1025 1611 1079 1676; x_wconf 92' lang='lat' dir='ltr'><strong>ubi</strong></span> <span class='ocrx_word' id='word_1_154' title='bbox 1094 1617 1170 1678; x_wconf 86' lang='lat' dir='ltr'><strong>tunc</strong></span> <span class='ocrx_word' id='word_1_155' title='bbox 1185 1631 1294 1695; x_wconf 84' lang='lat' dir='ltr'><strong>regem</strong></span> <span class='ocrx_word' id='word_1_156' title='bbox 1310 1615 1450 1678; x_wconf 90' lang='lat' dir='ltr'><strong>omnium</strong></span> 
     </span>
     <span class='ocr_line' id='line_1_17' title="bbox 299 1695 1078 1778; baseline 0 -18"><span class='ocrx_word' id='word_1_157' title='bbox 299 1713 357 1761; x_wconf 91' lang='lat' dir='ltr'><strong>uos</strong></span> <span class='ocrx_word' id='word_1_158' title='bbox 372 1696 405 1761; x_wconf 92' lang='lat' dir='ltr'><strong>in</strong></span> <span class='ocrx_word' id='word_1_159' title='bbox 421 1695 536 1762; x_wconf 89' lang='lat' dir='ltr'><strong>decore</strong></span> <span class='ocrx_word' id='word_1_160' title='bbox 551 1695 703 1778; x_wconf 88' lang='lat' dir='ltr'><strong>inclytum</strong></span> <span class='ocrx_word' id='word_1_161' title='bbox 719 1695 898 1762; x_wconf 87' lang='lat' dir='ltr'><strong>videbimus</strong></span> <span class='ocrx_word' id='word_1_162' title='bbox 913 1695 946 1760; x_wconf 91' lang='lat' dir='ltr'><strong>in</strong></span> <span class='ocrx_word' id='word_1_163' title='bbox 961 1696 1078 1761; x_wconf 86' lang='lat' dir='ltr'><strong>seculo.</strong></span> 
     </span>
    </p>
   </div>
   <div class='ocr_carea' id='block_1_3' title="bbox 559 1926 1038 2010">
    <p class='ocr_par' dir='ltr' id='par_1_12' title="bbox 559 1926 1038 2010">
     <span class='ocr_line' id='line_1_18' title="bbox 559 1926 1038 2010; baseline -0.01 -16"><span class='ocrx_word' id='word_1_164' title='bbox 559 1932 629 1994; x_wconf 86' lang='grc'><em>895.</em></span> <span class='ocrx_word' id='word_1_165' title='bbox 673 1926 725 1992; x_wconf 86' lang='lat' dir='ltr'><strong>Dc</strong></span> <span class='ocrx_word' id='word_1_166' title='bbox 750 1932 860 1994; x_wconf 73' lang='lat' dir='ltr'><strong>saucio</strong></span> <span class='ocrx_word' id='word_1_167' title='bbox 882 1927 1038 2010; x_wconf 78' lang='lat' dir='ltr'><strong>Reonlpio.</strong></span> 
     </span>
    </p>
   </div>
   <div class='ocr_carea' id='block_1_4' title="bbox 145 2033 1446 2184">
    <p class='ocr_par' dir='ltr' id='par_1_13' title="bbox 145 2033 1446 2184">
     <span class='ocr_line' id='line_1_19' title="bbox 145 2033 1446 2107; baseline 0.001 -15"><span class='ocrx_word' id='word_1_168' title='bbox 145 2035 286 2107; x_wconf 77' lang='lat' dir='ltr'><strong>(Geborcu</strong></span> <span class='ocrx_word' id='word_1_169' title='bbox 304 2053 351 2092; x_wconf 84' lang='lat' dir='ltr'><strong>um</strong></span> <span class='ocrx_word' id='word_1_170' title='bbox 370 2038 422 2092; x_wconf 83' lang='lat' dir='ltr'><strong>dus</strong></span> <span class='ocrx_word' id='word_1_171' title='bbox 439 2035 514 2092; x_wconf 75' lang='lat' dir='ltr'><strong>John</strong></span> <span class='ocrx_word' id='word_1_172' title='bbox 531 2039 584 2092; x_wconf 72' lang='grc'><strong>439</strong></span> <span class='ocrx_word' id='word_1_173' title='bbox 605 2037 659 2106; x_wconf 82' lang='lat' dir='ltr'><strong>uus</strong></span> <span class='ocrx_word' id='word_1_174' title='bbox 675 2037 735 2090; x_wconf 86' lang='lat' dir='ltr'><strong>dem</strong></span> <span class='ocrx_word' id='word_1_175' title='bbox 754 2035 880 2090; x_wconf 82' lang='lat' dir='ltr'><strong>Schlosse</strong></span> <span class='ocrx_word' id='word_1_176' title='bbox 899 2033 983 2089; x_wconf 83' lang='lat' dir='ltr'><strong>Loco</strong></span> <span class='ocrx_word' id='word_1_177' title='bbox 1000 2035 1032 2089; x_wconf 82' lang='grc' dir='ltr'><strong>ιἰι</strong></span> <span class='ocrx_word' id='word_1_178' title='bbox 1050 2033 1236 2104; x_wconf 64' lang='lat' dir='ltr'><strong>aratorem,</strong></span> <span class='ocrx_word' id='word_1_179' title='bbox 1261 2037 1378 2106; x_wconf 84' lang='lat' dir='ltr'><strong>Aposlel</strong></span> <span class='ocrx_word' id='word_1_180' title='bbox 1396 2039 1446 2094; x_wconf 81' lang='lat' dir='ltr'><strong>der</strong></span> 
     </span>
     <span class='ocr_line' id='line_1_20' title="bbox 296 2107 1290 2184; baseline 0 -22"><span class='ocrx_word' id='word_1_181' title='bbox 296 2107 439 2180; x_wconf 83' lang='lat' dir='ltr'><strong>Fruulcen,</strong></span> <span class='ocrx_word' id='word_1_182' title='bbox 455 2109 602 2178; x_wconf 81' lang='lat' dir='ltr'><strong>postorbcu</strong></span> <span class='ocrx_word' id='word_1_183' title='bbox 621 2123 666 2164; x_wconf 83' lang='lat' dir='ltr'><strong>om</strong></span> <span class='ocrx_word' id='word_1_184' title='bbox 684 2111 727 2162; x_wconf 88' lang='lat'><strong>13.</strong></span> <span class='ocrx_word' id='word_1_185' title='bbox 746 2107 812 2164; x_wconf 74' lang='lat' dir='ltr'><strong>dou.</strong></span> <span class='ocrx_word' id='word_1_186' title='bbox 831 2110 892 2176; x_wconf 85' lang='grc'><em>533,</em></span> <span class='ocrx_word' id='word_1_187' title='bbox 910 2107 1020 2162; x_wconf 80' lang='lat' dir='ltr'><strong>ocrehrt</strong></span> <span class='ocrx_word' id='word_1_188' title='bbox 1039 2123 1084 2161; x_wconf 86' lang='lat' dir='ltr'><strong>om</strong></span> <span class='ocrx_word' id='word_1_189' title='bbox 1104 2111 1128 2184; x_wconf 47' lang='grc'><strong>1,.</strong></span> <span class='ocrx_word' id='word_1_190' title='bbox 1149 2107 1290 2174; x_wconf 67' lang='lat' dir='ltr'><strong>ottobon)</strong></span> 
     </span>
    </p>
   </div>
   <div class='ocr_carea' id='block_1_5' title="bbox 165 2229 1447 2988">
    <p class='ocr_par' dir='ltr' id='par_1_14' title="bbox 170 2229 1054 2312">
     <span class='ocr_line' id='line_1_21' title="bbox 170 2229 1054 2312; baseline -0.005 -14"><span class='ocrx_word' id='word_1_191' title='bbox 170 2239 197 2298; x_wconf 93' lang='lat' dir='ltr'><strong>l.</strong></span> <span class='ocrx_word' id='word_1_192' title='bbox 220 2232 446 2298; x_wconf 88' lang='lat' dir='ltr'><strong>Laetahundus</strong></span> <span class='ocrx_word' id='word_1_193' title='bbox 462 2231 606 2312; x_wconf 82' lang='lat' dir='ltr'><strong>Remigio</strong></span> <span class='ocrx_word' id='word_1_194' title='bbox 622 2232 771 2296; x_wconf 89' lang='lat' dir='ltr'><strong>decantet</strong></span> <span class='ocrx_word' id='word_1_195' title='bbox 786 2231 900 2296; x_wconf 92' lang='lat' dir='ltr'><strong>chorus</strong></span> <span class='ocrx_word' id='word_1_196' title='bbox 916 2229 1054 2296; x_wconf 89' lang='lat' dir='ltr'><strong>alleluia.</strong></span> 
     </span>
    </p>

    <p class='ocr_par' dir='ltr' id='par_1_15' title="bbox 168 2315 1071 2398">
     <span class='ocr_line' id='line_1_22' title="bbox 168 2315 1071 2398; baseline -0.007 -14"><span class='ocrx_word' id='word_1_197' title='bbox 168 2323 196 2384; x_wconf 85' lang='lat'><strong>2.</strong></span> <span class='ocrx_word' id='word_1_198' title='bbox 218 2318 297 2398; x_wconf 84' lang='lat' dir='ltr'><strong>Regi</strong></span> <span class='ocrx_word' id='word_1_199' title='bbox 313 2335 424 2397; x_wconf 79' lang='lat' dir='ltr'><strong>regum</strong></span> <span class='ocrx_word' id='word_1_200' title='bbox 438 2315 532 2382; x_wconf 88' lang='lat' dir='ltr'><strong>fidele</strong></span> <span class='ocrx_word' id='word_1_201' title='bbox 547 2317 601 2398; x_wconf 91' lang='lat' dir='ltr'><strong>qui</strong></span> <span class='ocrx_word' id='word_1_202' title='bbox 617 2315 697 2396; x_wconf 80' lang='lat' dir='ltr'><strong>legit</strong></span> <span class='ocrx_word' id='word_1_203' title='bbox 711 2316 834 2380; x_wconf 93' lang='lat' dir='ltr'><strong>lucrum</strong></span> <span class='ocrx_word' id='word_1_204' title='bbox 849 2333 900 2379; x_wconf 91' lang='lat' dir='ltr'><strong>ros</strong></span> <span class='ocrx_word' id='word_1_205' title='bbox 916 2315 1071 2380; x_wconf 89' lang='lat' dir='ltr'><strong>miranda.</strong></span> 
     </span>
    </p>

    <p class='ocr_par' dir='ltr' id='par_1_16' title="bbox 168 2399 1104 2480">
     <span class='ocr_line' id='line_1_23' title="bbox 168 2399 1104 2480; baseline -0.006 -12"><span class='ocrx_word' id='word_1_206' title='bbox 168 2411 196 2468; x_wconf 87' lang='lat'><strong>3.</strong></span> <span class='ocrx_word' id='word_1_207' title='bbox 218 2401 279 2466; x_wconf 92' lang='lat' dir='ltr'><strong>Per</strong></span> <span class='ocrx_word' id='word_1_208' title='bbox 294 2401 422 2466; x_wconf 87' lang='lat' dir='ltr'><strong>virtutis</strong></span> <span class='ocrx_word' id='word_1_209' title='bbox 439 2401 586 2466; x_wconf 91' lang='lat' dir='ltr'><strong>meritum</strong></span> <span class='ocrx_word' id='word_1_210' title='bbox 602 2399 725 2480; x_wconf 85' lang='lat' dir='ltr'><strong>depulit</strong></span> <span class='ocrx_word' id='word_1_211' title='bbox 739 2399 903 2464; x_wconf 84' lang='lat' dir='ltr'><strong>interitum</strong></span> <span class='ocrx_word' id='word_1_212' title='bbox 918 2417 995 2464; x_wconf 87' lang='lat' dir='ltr'><strong>voce</strong></span> <span class='ocrx_word' id='word_1_213' title='bbox 1010 2400 1104 2463; x_wconf 90' lang='lat' dir='ltr'><strong>trina.</strong></span> 
     </span>
    </p>

    <p class='ocr_par' dir='ltr' id='par_1_17' title="bbox 166 2483 1036 2568">
     <span class='ocr_line' id='line_1_24' title="bbox 166 2483 1036 2568; baseline -0.005 -18"><span class='ocrx_word' id='word_1_214' title='bbox 166 2492 196 2550; x_wconf 88' lang='grc'><strong>4.</strong></span> <span class='ocrx_word' id='word_1_215' title='bbox 218 2485 350 2568; x_wconf 90' lang='lat' dir='ltr'><strong>Depulit</strong></span> <span class='ocrx_word' id='word_1_216' title='bbox 364 2485 530 2549; x_wconf 89' lang='lat' dir='ltr'><strong>daemonia</strong></span> <span class='ocrx_word' id='word_1_217' title='bbox 544 2486 584 2550; x_wconf 91' lang='lat' dir='ltr'><strong>ab</strong></span> <span class='ocrx_word' id='word_1_218' title='bbox 601 2484 739 2549; x_wconf 87' lang='lat' dir='ltr'><strong>obsessis</strong></span> <span class='ocrx_word' id='word_1_219' title='bbox 753 2483 860 2549; x_wconf 83' lang='lat' dir='ltr'><strong>valida</strong></span> <span class='ocrx_word' id='word_1_220' title='bbox 875 2483 905 2547; x_wconf 88' lang='lat' dir='ltr'><strong>vi</strong></span> <span class='ocrx_word' id='word_1_221' title='bbox 921 2483 1036 2548; x_wconf 88' lang='lat' dir='ltr'><strong>divina.</strong></span> 
     </span>
    </p>

    <p class='ocr_par' dir='ltr' id='par_1_18' title="bbox 167 2566 1106 2652">
     <span class='ocr_line' id='line_1_25' title="bbox 167 2566 1106 2652; baseline -0.004 -19"><span class='ocrx_word' id='word_1_222' title='bbox 167 2575 196 2634; x_wconf 88' lang='grc'><strong>5.</strong></span> <span class='ocrx_word' id='word_1_223' title='bbox 219 2569 361 2652; x_wconf 85' lang='lat' dir='ltr'><strong>Corpora</strong></span> <span class='ocrx_word' id='word_1_224' title='bbox 375 2568 493 2634; x_wconf 87' lang='lat' dir='ltr'><strong>debilia</strong></span> <span class='ocrx_word' id='word_1_225' title='bbox 508 2574 601 2634; x_wconf 86' lang='lat' dir='ltr'><strong>sanat</strong></span> <span class='ocrx_word' id='word_1_226' title='bbox 616 2587 673 2647; x_wconf 92' lang='lat' dir='ltr'><strong>per</strong></span> <span class='ocrx_word' id='word_1_227' title='bbox 687 2566 839 2648; x_wconf 82' lang='lat' dir='ltr'><strong>suffragia</strong></span> <span class='ocrx_word' id='word_1_228' title='bbox 853 2567 927 2632; x_wconf 91' lang='lat' dir='ltr'><strong>hnic</strong></span> <span class='ocrx_word' id='word_1_229' title='bbox 945 2583 1106 2632; x_wconf 85' lang='lat' dir='ltr'><strong>concessa.</strong></span> 
     </span>
    </p>

    <p class='ocr_par' dir='ltr' id='par_1_19' title="bbox 165 2649 1145 2718">
     <span class='ocr_line' id='line_1_26' title="bbox 165 2649 1145 2718; baseline -0.006 0"><span class='ocrx_word' id='word_1_230' title='bbox 165 2659 193 2718; x_wconf 87' lang='grc'><strong>6.</strong></span> <span class='ocrx_word' id='word_1_231' title='bbox 217 2653 287 2718; x_wconf 88' lang='grc' dir='ltr'>Νοιι</span> <span class='ocrx_word' id='word_1_232' title='bbox 303 2653 453 2718; x_wconf 82' lang='lat' dir='ltr'><strong>obstabat</strong></span> <span class='ocrx_word' id='word_1_233' title='bbox 468 2653 605 2717; x_wconf 84' lang='lat' dir='ltr'><strong>coecitas</strong></span> <span class='ocrx_word' id='word_1_234' title='bbox 621 2653 667 2716; x_wconf 83' lang='lat' dir='ltr'><strong>vis</strong></span> <span class='ocrx_word' id='word_1_235' title='bbox 683 2669 741 2715; x_wconf 90' lang='lat' dir='ltr'><strong>nec</strong></span> <span class='ocrx_word' id='word_1_236' title='bbox 756 2651 959 2716; x_wconf 88' lang='lat' dir='ltr'><strong>imbecillitas</strong></span> <span class='ocrx_word' id='word_1_237' title='bbox 976 2649 1145 2714; x_wconf 86' lang='lat' dir='ltr'><strong>indelessa.</strong></span> 
     </span>
    </p>

    <p class='ocr_par' dir='ltr' id='par_1_20' title="bbox 167 2735 1134 2818">
     <span class='ocr_line' id='line_1_27' title="bbox 167 2735 1134 2818; baseline -0.006 -17"><span class='ocrx_word' id='word_1_238' title='bbox 167 2743 195 2801; x_wconf 83' lang='lat'><strong>7.</strong></span> <span class='ocrx_word' id='word_1_239' title='bbox 219 2737 450 2818; x_wconf 82' lang='lat' dir='ltr'><strong>Prophetarum</strong></span> <span class='ocrx_word' id='word_1_240' title='bbox 466 2737 570 2802; x_wconf 91' lang='lat' dir='ltr'><strong>socius</strong></span> <span class='ocrx_word' id='word_1_241' title='bbox 585 2737 618 2800; x_wconf 92' lang='lat' dir='ltr'><strong>in</strong></span> <span class='ocrx_word' id='word_1_242' title='bbox 635 2735 723 2801; x_wconf 91' lang='lat' dir='ltr'><strong>miris</strong></span> <span class='ocrx_word' id='word_1_243' title='bbox 738 2735 902 2816; x_wconf 91' lang='lat' dir='ltr'><strong>apostolus</strong></span> <span class='ocrx_word' id='word_1_244' title='bbox 916 2735 999 2800; x_wconf 87' lang='lat' dir='ltr'><strong>valle</strong></span> <span class='ocrx_word' id='word_1_245' title='bbox 1014 2737 1134 2798; x_wconf 86' lang='lat' dir='ltr'><strong>nostra.</strong></span> 
     </span>
    </p>

    <p class='ocr_par' dir='ltr' id='par_1_21' title="bbox 165 2819 1167 2903">
     <span class='ocr_line' id='line_1_28' title="bbox 165 2819 1167 2903; baseline -0.007 -17"><span class='ocrx_word' id='word_1_246' title='bbox 165 2825 195 2886; x_wconf 86' lang='lat'><strong>8.</strong></span> <span class='ocrx_word' id='word_1_247' title='bbox 219 2821 398 2903; x_wconf 87' lang='lat' dir='ltr'><strong>Martyrum</strong></span> <span class='ocrx_word' id='word_1_248' title='bbox 414 2820 551 2902; x_wconf 82' lang='lat' dir='ltr'><strong>vestigia</strong></span> <span class='ocrx_word' id='word_1_249' title='bbox 566 2820 711 2900; x_wconf 88' lang='lat' dir='ltr'><strong>sequitur</strong></span> <span class='ocrx_word' id='word_1_250' title='bbox 725 2838 782 2900; x_wconf 87' lang='lat' dir='ltr'><strong>per</strong></span> <span class='ocrx_word' id='word_1_251' title='bbox 797 2819 903 2882; x_wconf 91' lang='lat' dir='ltr'><strong>omnia</strong></span> <span class='ocrx_word' id='word_1_252' title='bbox 918 2836 1013 2882; x_wconf 89' lang='lat' dir='ltr'><strong>carne</strong></span> <span class='ocrx_word' id='word_1_253' title='bbox 1029 2821 1167 2898; x_wconf 89' lang='lat' dir='ltr'><strong>sumpta.</strong></span> 
     </span>
    </p>

    <p class='ocr_par' dir='ltr' id='par_1_22' title="bbox 166 2899 1447 2988">
     <span class='ocr_line' id='line_1_29' title="bbox 166 2899 1447 2988; baseline -0.003 -18"><span class='ocrx_word' id='word_1_254' title='bbox 166 2911 196 2970; x_wconf 87' lang='lat'><strong>9.</strong></span> <span class='ocrx_word' id='word_1_255' title='bbox 217 2903 375 2988; x_wconf 84' lang='lat' dir='ltr'><strong>Leprosos</strong></span> <span class='ocrx_word' id='word_1_256' title='bbox 398 2905 545 2986; x_wconf 87' lang='lat' dir='ltr'><strong>purificat</strong></span> <span class='ocrx_word' id='word_1_257' title='bbox 567 2903 734 2968; x_wconf 82' lang='lat' dir='ltr'><strong>Franciam</strong></span> <span class='ocrx_word' id='word_1_258' title='bbox 758 2903 944 2968; x_wconf 90' lang='lat' dir='ltr'><strong>corroborat</strong></span> <span class='ocrx_word' id='word_1_259' title='bbox 958 2919 1016 2984; x_wconf 90' lang='lat' dir='ltr'><strong>per</strong></span> <span class='ocrx_word' id='word_1_260' title='bbox 1030 2899 1125 2966; x_wconf 90' lang='lat' dir='ltr'><strong>fidem</strong></span> <span class='ocrx_word' id='word_1_261' title='bbox 1140 2899 1225 2980; x_wconf 87' lang='lat' dir='ltr'><strong>quod</strong></span> <span class='ocrx_word' id='word_1_262' title='bbox 1241 2899 1360 2966; x_wconf 90' lang='lat' dir='ltr'><strong>desinit</strong></span> <span class='ocrx_word' id='word_1_263' title='bbox 1375 2919 1447 2966; x_wconf 89' lang='lat' dir='ltr'><strong>esse</strong></span> 
     </span>
    </p>
   </div>
   <div class='ocr_carea' id='block_1_6' title="bbox 146 3007 1447 3166">
    <p class='ocr_par' dir='ltr' id='par_1_23' title="bbox 146 3007 1447 3166">
     <span class='ocr_line' id='line_1_30' title="bbox 146 3007 1447 3166; baseline -0.004 -29"><span class='ocrx_word' id='word_1_264' title='bbox 146 3077 194 3137; x_wconf 91' lang='grc'><strong>10.</strong></span> <span class='ocrx_word' id='word_1_265' title='bbox 218 3007 513 3154; x_wconf 53' lang='grc' dir='ltr'>ΟΙιιιιῖῙῗξοὲιεεειιιιι</span> <span class='ocrx_word' id='word_1_266' title='bbox 536 3077 666 3154; x_wconf 89' lang='lat' dir='ltr'><strong>reparat</strong></span> <span class='ocrx_word' id='word_1_267' title='bbox 687 3087 770 3134; x_wconf 80' lang='lat' dir='ltr'><strong>novo</strong></span> <span class='ocrx_word' id='word_1_268' title='bbox 792 3069 873 3166; x_wconf 89' lang='lat' dir='ltr'><strong>mira</strong></span> <span class='ocrx_word' id='word_1_269' title='bbox 895 3069 1029 3134; x_wconf 89' lang='lat' dir='ltr'><strong>suscitat</strong></span> <span class='ocrx_word' id='word_1_270' title='bbox 1050 3086 1131 3150; x_wconf 89' lang='lat' dir='ltr'><strong>quae</strong></span> <span class='ocrx_word' id='word_1_271' title='bbox 1146 3068 1223 3132; x_wconf 87' lang='lat' dir='ltr'><strong>colit</strong></span> <span class='ocrx_word' id='word_1_272' title='bbox 1237 3066 1371 3132; x_wconf 87' lang='lat' dir='ltr'><strong>ecclesio</strong></span> <span class='ocrx_word' id='word_1_273' title='bbox 1385 3067 1447 3132; x_wconf 90' lang='lat' dir='ltr'><strong>lide</strong></span> 
     </span>
    </p>
   </div>
   <div class='ocr_carea' id='block_1_7' title="bbox 146 3157 1248 3405">
    <p class='ocr_par' dir='ltr' id='par_1_24' title="bbox 146 3157 1248 3405">
     <span class='ocr_line' id='line_1_31' title="bbox 146 3157 1248 3324; baseline -0.005 -19"><span class='ocrx_word' id='word_1_274' title='bbox 146 3245 194 3306; x_wconf 90' lang='lat' dir='ltr'><strong>ll.</strong></span> <span class='ocrx_word' id='word_1_275' title='bbox 217 3241 244 3306; x_wconf 96' lang='lat'>0</span> <span class='ocrx_word' id='word_1_276' title='bbox 260 3157 480 3324; x_wconf 44' lang='lat' dir='ltr'><strong>paffffipiae</strong></span> <span class='ocrx_word' id='word_1_277' title='bbox 495 3239 581 3320; x_wconf 92' lang='lat' dir='ltr'><strong>plebi</strong></span> <span class='ocrx_word' id='word_1_278' title='bbox 596 3239 745 3304; x_wconf 85' lang='lat' dir='ltr'><strong>miserere</strong></span> <span class='ocrx_word' id='word_1_279' title='bbox 761 3239 821 3301; x_wconf 92' lang='lat' dir='ltr'><strong>duc</strong></span> <span class='ocrx_word' id='word_1_280' title='bbox 835 3237 876 3302; x_wconf 91' lang='lat' dir='ltr'><strong>ad</strong></span> <span class='ocrx_word' id='word_1_281' title='bbox 891 3237 1074 3318; x_wconf 83' lang='lat' dir='ltr'><strong>agalmatha</strong></span> <span class='ocrx_word' id='word_1_282' title='bbox 1089 3235 1248 3304; x_wconf 87' lang='lat' dir='ltr'><strong>coelestia.</strong></span> 
     </span>
     <span class='ocr_line' id='line_1_32' title="bbox 148 3320 1170 3405; baseline -0.003 -17"><span class='ocrx_word' id='word_1_283' title='bbox 148 3329 195 3388; x_wconf 85' lang='lat'><strong>12.</strong></span> <span class='ocrx_word' id='word_1_284' title='bbox 217 3323 281 3390; x_wconf 93' lang='lat' dir='ltr'><strong>Ubi</strong></span> <span class='ocrx_word' id='word_1_285' title='bbox 295 3342 366 3390; x_wconf 87' lang='lat' dir='ltr'><strong>cum</strong></span> <span class='ocrx_word' id='word_1_286' title='bbox 382 3323 494 3405; x_wconf 90' lang='lat' dir='ltr'><strong>sophia</strong></span> <span class='ocrx_word' id='word_1_287' title='bbox 508 3323 594 3388; x_wconf 87' lang='lat' dir='ltr'><strong>laeta</strong></span> <span class='ocrx_word' id='word_1_288' title='bbox 609 3322 797 3404; x_wconf 82' lang='lat' dir='ltr'><strong>symphonia</strong></span> <span class='ocrx_word' id='word_1_289' title='bbox 812 3320 1017 3386; x_wconf 85' lang='lat' dir='ltr'><strong>decantemus</strong></span> <span class='ocrx_word' id='word_1_290' title='bbox 1033 3320 1170 3386; x_wconf 89' lang='lat' dir='ltr'><strong>alleluia.</strong></span> 
     </span>
    </p>
   </div>
   <div class='ocr_carea' id='block_1_8' title="bbox 216 3429 609 3501">
    <p class='ocr_par' dir='ltr' id='par_1_25' title="bbox 216 3429 609 3501">
     <span class='ocr_line' id='line_1_33' title="bbox 216 3429 609 3501; baseline -0.003 -17"><span class='ocrx_word' id='word_1_291' title='bbox 216 3432 373 3487; x_wconf 81' lang='lat' dir='ltr'><strong>cherlc.</strong></span> <span class='ocrx_word' id='word_1_292' title='bbox 415 3431 474 3501; x_wconf 85' lang='lat' dir='ltr'><strong>Vpl.</strong></span> <span class='ocrx_word' id='word_1_293' title='bbox 493 3429 547 3484; x_wconf 70' lang='grc' dir='ltr'><strong>Νι.</strong></span> <span class='ocrx_word' id='word_1_294' title='bbox 566 3433 609 3483; x_wconf 87' lang='grc'><strong>13.</strong></span> 
     </span>
    </p>
   </div>
   <div class='ocr_carea' id='block_1_9' title="bbox 701 3574 892 3584">
    <p class='ocr_par' dir='ltr' id='par_1_26' title="bbox 701 3574 892 3584">
     <span class='ocr_line' id='line_1_34' title="bbox 701 3574 892 3584; baseline -0.005 -2"><span class='ocrx_word' id='word_1_295' title='bbox 701 3574 892 3584; x_wconf 69' lang='lat'><strong>--.--—--</strong></span> 
     </span>
    </p>
   </div>
   <div class='ocr_carea' id='block_1_10' title="bbox 641 3653 958 3754">
    <p class='ocr_par' dir='ltr' id='par_1_27' title="bbox 641 3653 958 3754">
     <span class='ocr_line' id='line_1_35' title="bbox 641 3653 958 3754; baseline -0.009 -16"><span class='ocrx_word' id='word_1_296' title='bbox 641 3653 958 3754; x_wconf 63' lang='lat' dir='ltr'><strong>Nachtrap</strong></span> 
     </span>
    </p>
   </div>
   <div class='ocr_carea' id='block_1_11' title="bbox 551 3803 1044 3872">
    <p class='ocr_par' dir='ltr' id='par_1_28' title="bbox 551 3803 1044 3872">
     <span class='ocr_line' id='line_1_36' title="bbox 551 3803 1044 3872; baseline -0.01 0"><span class='ocrx_word' id='word_1_297' title='bbox 551 3812 597 3872; x_wconf 83' lang='lat'><strong>13.</strong></span> <span class='ocrx_word' id='word_1_298' title='bbox 641 3805 694 3870; x_wconf 87' lang='lat' dir='ltr'><strong>Dc</strong></span> <span class='ocrx_word' id='word_1_299' title='bbox 715 3804 879 3872; x_wconf 82' lang='lat' dir='ltr'><strong>collaltotc</strong></span> <span class='ocrx_word' id='word_1_300' title='bbox 899 3803 1044 3869; x_wconf 80' lang='lat' dir='ltr'><strong>Domini.</strong></span> 
     </span>
    </p>
   </div>
   <div class='ocr_carea' id='block_1_12' title="bbox 145 3925 1446 4075">
    <p class='ocr_par' dir='ltr' id='par_1_29' title="bbox 145 3925 1446 4075">
     <span class='ocr_line' id='line_1_37' title="bbox 215 3925 1446 4000; baseline -0.007 -11"><span class='ocrx_word' id='word_1_301' title='bbox 215 3951 239 3989; x_wconf 92' lang='lat' dir='ltr'><strong>c.</strong></span> <span class='ocrx_word' id='word_1_302' title='bbox 257 3933 416 3988; x_wconf 76' lang='lat' dir='ltr'><strong>chcrlc.</strong></span> <span class='ocrx_word' id='word_1_303' title='bbox 453 3933 481 3987; x_wconf 81' lang='lat' dir='ltr'><strong>S.</strong></span> <span class='ocrx_word' id='word_1_304' title='bbox 501 3936 543 3986; x_wconf 84' lang='lat'><strong>31.</strong></span> <span class='ocrx_word' id='word_1_305' title='bbox 563 3931 639 3987; x_wconf 79' lang='lat' dir='ltr'><strong>Zeila</strong></span> <span class='ocrx_word' id='word_1_306' title='bbox 657 3935 675 3984; x_wconf 91' lang='lat'>6</span> <span class='ocrx_word' id='word_1_307' title='bbox 692 3947 744 3986; x_wconf 83' lang='lat' dir='ltr'><strong>oor</strong></span> <span class='ocrx_word' id='word_1_308' title='bbox 761 3929 817 3985; x_wconf 88' lang='lat' dir='ltr'><strong>No.</strong></span> <span class='ocrx_word' id='word_1_309' title='bbox 836 3931 888 3984; x_wconf 87' lang='grc'><strong>779</strong></span> <span class='ocrx_word' id='word_1_310' title='bbox 906 3930 945 3984; x_wconf 81' lang='lat' dir='ltr'><strong>ist</strong></span> <span class='ocrx_word' id='word_1_311' title='bbox 965 3929 1131 4000; x_wconf 64' lang='lat' dir='ltr'><strong>dmausdpco</strong></span> <span class='ocrx_word' id='word_1_312' title='bbox 1149 3925 1204 3980; x_wconf 91' lang='lat' dir='ltr'><strong>No.</strong></span> <span class='ocrx_word' id='word_1_313' title='bbox 1224 3930 1277 3981; x_wconf 92' lang='grc'><strong>537</strong></span> <span class='ocrx_word' id='word_1_314' title='bbox 1297 3927 1356 3981; x_wconf 82' lang='lat' dir='ltr'><strong>unul</strong></span> <span class='ocrx_word' id='word_1_315' title='bbox 1372 3927 1446 3981; x_wconf 80' lang='lat' dir='ltr'><strong>uach</strong></span> 
     </span>
     <span class='ocr_line' id='line_1_38' title="bbox 145 4003 1222 4075; baseline -0.008 -15"><span class='ocrx_word' id='word_1_316' title='bbox 145 4005 201 4060; x_wconf 88' lang='lat' dir='ltr'><strong>No.</strong></span> <span class='ocrx_word' id='word_1_317' title='bbox 220 4010 273 4062; x_wconf 84' lang='grc'><strong>875</strong></span> <span class='ocrx_word' id='word_1_318' title='bbox 290 4007 329 4060; x_wconf 80' lang='lat' dir='ltr'><strong>iat</strong></span> <span class='ocrx_word' id='word_1_319' title='bbox 348 4005 513 4075; x_wconf 73' lang='lat' dir='ltr'><strong>beiausa&#39;ipca</strong></span> <span class='ocrx_word' id='word_1_320' title='bbox 531 4003 586 4058; x_wconf 90' lang='lat' dir='ltr'><strong>No.</strong></span> <span class='ocrx_word' id='word_1_321' title='bbox 605 4007 667 4059; x_wconf 84' lang='grc'><em>895.</em></span> <span class='ocrx_word' id='word_1_322' title='bbox 1117 4041 1120 4046; x_wconf 92' lang='grc'><em>.</em></span> <span class='ocrx_word' id='word_1_323' title='bbox 1220 4066 1222 4070; x_wconf 21' lang='grc' dir='ltr'>Ι</span> 
     </span>
    </p>
   </div>
   <div class='ocr_carea' id='block_1_13' title="bbox 216 4120 1160 4329">
    <p class='ocr_par' dir='ltr' id='par_1_30' title="bbox 216 4120 1160 4329">
     <span class='ocr_line' id='line_1_39' title="bbox 566 4120 1031 4190; baseline -0.011 -1"><span class='ocrx_word' id='word_1_324' title='bbox 566 4127 637 4190; x_wconf 82' lang='grc'><em>397.</em></span> <span class='ocrx_word' id='word_1_325' title='bbox 681 4122 734 4188; x_wconf 84' lang='lat' dir='ltr'><strong>De</strong></span> <span class='ocrx_word' id='word_1_326' title='bbox 753 4125 860 4186; x_wconf 82' lang='lat' dir='ltr'><strong>sancto</strong></span> <span class='ocrx_word' id='word_1_327' title='bbox 881 4120 1031 4186; x_wconf 79' lang='lat' dir='ltr'><strong>Simcooe.</strong></span> 
     </span>
     <span class='ocr_line' id='line_1_40' title="bbox 216 4255 1160 4329; baseline -0.005 -17"><span class='ocrx_word' id='word_1_328' title='bbox 216 4261 242 4328; x_wconf 83' lang='lat'><strong>2,</strong></span> <span class='ocrx_word' id='word_1_329' title='bbox 260 4263 286 4314; x_wconf 81' lang='lat'><strong>4.</strong></span> <span class='ocrx_word' id='word_1_330' title='bbox 322 4259 388 4314; x_wconf 83' lang='lat' dir='ltr'><strong>Dua</strong></span> <span class='ocrx_word' id='word_1_331' title='bbox 401 4259 532 4329; x_wconf 82' lang='lat' dir='ltr'><strong>schlende</strong></span> <span class='ocrx_word' id='word_1_332' title='bbox 555 4257 634 4314; x_wconf 74' lang='lat' dir='ltr'><strong>Woul</strong></span> <span class='ocrx_word' id='word_1_333' title='bbox 653 4258 739 4312; x_wconf 75' lang='lat' dir='ltr'><strong>hciasl</strong></span> <span class='ocrx_word' id='word_1_334' title='bbox 757 4255 868 4312; x_wconf 81' lang='lat' dir='ltr'><strong>Vivens.</strong></span> <span class='ocrx_word' id='word_1_335' title='bbox 908 4255 967 4324; x_wconf 80' lang='lat' dir='ltr'><strong>Vpl.</strong></span> <span class='ocrx_word' id='word_1_336' title='bbox 987 4255 1053 4308; x_wconf 86' lang='lat' dir='ltr'><strong>Luc.</strong></span> <span class='ocrx_word' id='word_1_337' title='bbox 1072 4257 1098 4323; x_wconf 87' lang='lat'><strong>2,</strong></span> <span class='ocrx_word' id='word_1_338' title='bbox 1117 4255 1160 4308; x_wconf 83' lang='lat'><strong>26.</strong></span> 
     </span>
    </p>
   </div>
   <div class='ocr_carea' id='block_1_14' title="bbox 671 4481 832 4489">
    <p class='ocr_par' dir='ltr' id='par_1_31' title="bbox 671 4481 832 4489">
     <span class='ocr_line' id='line_1_41' title="bbox 671 4481 832 4489; baseline -0.006 -1"><span class='ocrx_word' id='word_1_339' title='bbox 671 4483 741 4489; x_wconf 69' lang='lat'>.—-·—.</span> <span class='ocrx_word' id='word_1_340' title='bbox 755 4483 760 4488; x_wconf 94' lang='lat'>.</span> <span class='ocrx_word' id='word_1_341' title='bbox 776 4481 832 4488; x_wconf 63' lang='lat'>-..-</span> 
     </span>
    </p>
   </div>
   <div class='ocr_carea' id='block_1_15' title="bbox 0 0 1610 5230">
    <p class='ocr_par' dir='ltr' id='par_1_32' title="bbox 0 0 1610 5230">
     <span class='ocr_line' id='line_1_42' title="bbox 0 0 1610 5230; baseline 0 3"><span class='ocrx_word' id='word_1_342' title='bbox 0 0 1610 5230; x_wconf 95' lang='lat' dir='ltr'><strong> </strong></span> 
     </span>
    </p>
   </div>
  </div>
 </body>
</html>
