<?xml version="1.0" encoding="UTF-8"?>
<!DOCTYPE html PUBLIC "-//W3C//DTD XHTML 1.0 Transitional//EN"
    "http://www.w3.org/TR/xhtml1/DTD/xhtml1-transitional.dtd">
<html xmlns="http://www.w3.org/1999/xhtml" xml:lang="en" lang="en">
 <head>
  <title>
</title>
<meta http-equiv="Content-Type" content="text/html;charset=utf-8" />
  <meta name='ocr-system' content='tesseract 3.04.00' />
  <meta name='ocr-capabilities' content='ocr_page ocr_carea ocr_par ocr_line ocrx_word'/>
</head>
<body>
  <div class='ocr_page' id='page_1' title='image "./lateinischesequ02kehrgoog_0459.png"; bbox 0 0 3234 5246; ppageno 0'>
   <div class='ocr_carea' id='block_1_1' title="bbox 692 349 922 410">
    <p class='ocr_par' dir='ltr' id='par_1_1' title="bbox 692 349 922 410">
     <span class='ocr_line' id='line_1_1' title="bbox 692 349 922 410; baseline 0 0"><span class='ocrx_word' id='word_1_1' title='bbox 692 381 733 393; x_wconf 92' lang='lat'>--</span> <span class='ocrx_word' id='word_1_2' title='bbox 776 349 922 410; x_wconf 80' lang='lat'>440-</span> 
     </span>
    </p>
   </div>
   <div class='ocr_carea' id='block_1_2' title="bbox 510 523 1107 608">
    <p class='ocr_par' dir='ltr' id='par_1_2' title="bbox 510 523 1107 608">
     <span class='ocr_line' id='line_1_2' title="bbox 510 523 1107 608; baseline -0.003 -16"><span class='ocrx_word' id='word_1_3' title='bbox 510 527 581 592; x_wconf 78' lang='lat' dir='ltr'>ola.</span> <span class='ocrx_word' id='word_1_4' title='bbox 625 523 677 591; x_wconf 85' lang='lat' dir='ltr'>De</span> <span class='ocrx_word' id='word_1_5' title='bbox 698 545 723 590; x_wconf 86' lang='lat' dir='ltr'>c.</span> <span class='ocrx_word' id='word_1_6' title='bbox 747 525 891 592; x_wconf 83' lang='lat' dir='ltr'>Martiae</span> <span class='ocrx_word' id='word_1_7' title='bbox 914 527 1006 608; x_wconf 62' lang='lat' dir='ltr'>prisc.</span> <span class='ocrx_word' id='word_1_8' title='bbox 1033 525 1107 592; x_wconf 81' lang='lat' dir='ltr'>Tur.</span> 
     </span>
    </p>
   </div>
   <div class='ocr_carea' id='block_1_3' title="bbox 179 660 1468 1165">
    <p class='ocr_par' dir='ltr' id='par_1_3' title="bbox 182 660 734 736">
     <span class='ocr_line' id='line_1_3' title="bbox 182 660 734 736; baseline -0.005 -10"><span class='ocrx_word' id='word_1_9' title='bbox 182 667 208 726; x_wconf 94' lang='lat' dir='ltr'>l.</span> <span class='ocrx_word' id='word_1_10' title='bbox 231 660 323 736; x_wconf 79' lang='lat' dir='ltr'>Tube</span> <span class='ocrx_word' id='word_1_11' title='bbox 337 667 466 726; x_wconf 87' lang='lat' dir='ltr'>nostrae</span> <span class='ocrx_word' id='word_1_12' title='bbox 482 661 567 724; x_wconf 87' lang='lat' dir='ltr'>vocis</span> <span class='ocrx_word' id='word_1_13' title='bbox 583 661 734 726; x_wconf 80' lang='lat' dir='ltr'>elevetur.</span> 
     </span>
    </p>

    <p class='ocr_par' dir='ltr' id='par_1_4' title="bbox 179 744 1093 826">
     <span class='ocr_line' id='line_1_4' title="bbox 179 744 1093 826; baseline 0 -18"><span class='ocrx_word' id='word_1_14' title='bbox 179 750 208 810; x_wconf 80' lang='lat'>2.</span> <span class='ocrx_word' id='word_1_15' title='bbox 232 744 455 826; x_wconf 76' lang='lat' dir='ltr'>ascendatque</span> <span class='ocrx_word' id='word_1_16' title='bbox 471 761 567 826; x_wconf 90' lang='lat' dir='ltr'>super</span> <span class='ocrx_word' id='word_1_17' title='bbox 582 749 669 809; x_wconf 88' lang='lat' dir='ltr'>astra</span> <span class='ocrx_word' id='word_1_18' title='bbox 683 747 805 810; x_wconf 92' lang='lat' dir='ltr'>sonitus</span> <span class='ocrx_word' id='word_1_19' title='bbox 819 747 922 810; x_wconf 81' lang='lat' dir='ltr'>nostri</span> <span class='ocrx_word' id='word_1_20' title='bbox 938 745 1093 812; x_wconf 88' lang='lat' dir='ltr'>clamoris.</span> 
     </span>
    </p>

    <p class='ocr_par' dir='ltr' id='par_1_5' title="bbox 180 827 1047 906">
     <span class='ocr_line' id='line_1_5' title="bbox 180 827 1047 906; baseline 0 -12"><span class='ocrx_word' id='word_1_21' title='bbox 180 833 208 894; x_wconf 88' lang='lat'>3.</span> <span class='ocrx_word' id='word_1_22' title='bbox 232 827 301 905; x_wconf 86' lang='lat' dir='ltr'>Quo</span> <span class='ocrx_word' id='word_1_23' title='bbox 317 828 423 893; x_wconf 86' lang='lat' dir='ltr'>devoti</span> <span class='ocrx_word' id='word_1_24' title='bbox 440 827 522 894; x_wconf 81' lang='lat' dir='ltr'>festa</span> <span class='ocrx_word' id='word_1_25' title='bbox 536 845 627 894; x_wconf 88' lang='lat' dir='ltr'>sacra</span> <span class='ocrx_word' id='word_1_26' title='bbox 642 828 773 894; x_wconf 92' lang='lat' dir='ltr'>colimus</span> <span class='ocrx_word' id='word_1_27' title='bbox 789 831 891 895; x_wconf 88' lang='lat' dir='ltr'>saneti</span> <span class='ocrx_word' id='word_1_28' title='bbox 908 829 1047 906; x_wconf 81' lang='lat' dir='ltr'>Martini,</span> 
     </span>
    </p>

    <p class='ocr_par' dir='ltr' id='par_1_6' title="bbox 179 911 1468 1076">
     <span class='ocr_line' id='line_1_6' title="bbox 179 911 1468 994; baseline -0.001 -17"><span class='ocrx_word' id='word_1_29' title='bbox 179 919 209 978; x_wconf 85' lang='lat'>4.</span> <span class='ocrx_word' id='word_1_30' title='bbox 231 911 304 988; x_wconf 86' lang='lat' dir='ltr'>Qui,</span> <span class='ocrx_word' id='word_1_31' title='bbox 323 912 426 976; x_wconf 86' lang='lat' dir='ltr'>adhuc</span> <span class='ocrx_word' id='word_1_32' title='bbox 445 911 688 978; x_wconf 86' lang='lat' dir='ltr'>catechumenus</span> <span class='ocrx_word' id='word_1_33' title='bbox 712 931 782 978; x_wconf 91' lang='lat' dir='ltr'>cum</span> <span class='ocrx_word' id='word_1_34' title='bbox 805 919 900 993; x_wconf 90' lang='lat' dir='ltr'>esset,</span> <span class='ocrx_word' id='word_1_35' title='bbox 920 913 1079 980; x_wconf 82' lang='lat' dir='ltr'>vestiebat</span> <span class='ocrx_word' id='word_1_36' title='bbox 1093 913 1262 994; x_wconf 82' lang='lat' dir='ltr'>leprosum,</span> <span class='ocrx_word' id='word_1_37' title='bbox 1283 911 1384 978; x_wconf 84' lang='lat' dir='ltr'>diviso</span> <span class='ocrx_word' id='word_1_38' title='bbox 1400 930 1468 977; x_wconf 87' lang='lat' dir='ltr'>suo</span> 
     </span>
     <span class='ocr_line' id='line_1_7' title="bbox 307 995 677 1076; baseline 0.014 -18"><span class='ocrx_word' id='word_1_39' title='bbox 307 995 414 1076; x_wconf 82' lang='lat' dir='ltr'>pallio,</span> <span class='ocrx_word' id='word_1_40' title='bbox 430 1012 491 1076; x_wconf 90' lang='lat' dir='ltr'>quo</span> <span class='ocrx_word' id='word_1_41' title='bbox 507 1013 583 1062; x_wconf 91' lang='lat' dir='ltr'>usus</span> <span class='ocrx_word' id='word_1_42' title='bbox 598 1001 677 1074; x_wconf 84' lang='lat' dir='ltr'>erat,</span> 
     </span>
    </p>

    <p class='ocr_par' dir='ltr' id='par_1_7' title="bbox 180 1078 1468 1165">
     <span class='ocr_line' id='line_1_8' title="bbox 180 1078 1468 1165; baseline 0.002 -23"><span class='ocrx_word' id='word_1_43' title='bbox 180 1085 208 1144; x_wconf 80' lang='lat'>5.</span> <span class='ocrx_word' id='word_1_44' title='bbox 232 1079 274 1144; x_wconf 83' lang='lat' dir='ltr'>Et</span> <span class='ocrx_word' id='word_1_45' title='bbox 288 1078 383 1158; x_wconf 83' lang='lat' dir='ltr'>unde,</span> <span class='ocrx_word' id='word_1_46' title='bbox 404 1096 475 1144; x_wconf 91' lang='lat' dir='ltr'>cum</span> <span class='ocrx_word' id='word_1_47' title='bbox 491 1079 608 1146; x_wconf 86' lang='lat' dir='ltr'>iaceret</span> <span class='ocrx_word' id='word_1_48' title='bbox 623 1081 655 1144; x_wconf 94' lang='lat' dir='ltr'>in</span> <span class='ocrx_word' id='word_1_49' title='bbox 670 1081 797 1159; x_wconf 86' lang='lat' dir='ltr'>lectulo,</span> <span class='ocrx_word' id='word_1_50' title='bbox 820 1081 880 1146; x_wconf 84' lang='lat' dir='ltr'>noc</span> <span class='ocrx_word' id='word_1_51' title='bbox 900 1083 971 1165; x_wconf 88' lang='lat' dir='ltr'>ipso</span> <span class='ocrx_word' id='word_1_52' title='bbox 993 1080 1177 1146; x_wconf 88' lang='lat' dir='ltr'>indumento</span> <span class='ocrx_word' id='word_1_53' title='bbox 1194 1079 1355 1146; x_wconf 81' lang='lat' dir='ltr'>Christum</span> <span class='ocrx_word' id='word_1_54' title='bbox 1380 1079 1468 1144; x_wconf 85' lang='lat' dir='ltr'>vidit</span> 
     </span>
    </p>
   </div>
   <div class='ocr_carea' id='block_1_4' title="bbox 159 1161 1469 2336">
    <p class='ocr_par' dir='ltr' id='par_1_8' title="bbox 306 1161 817 1247">
     <span class='ocr_line' id='line_1_9' title="bbox 306 1161 817 1247; baseline 0.002 -20"><span class='ocrx_word' id='word_1_55' title='bbox 306 1161 477 1228; x_wconf 83' lang='lat' dir='ltr'>infulatum</span> <span class='ocrx_word' id='word_1_56' title='bbox 492 1165 601 1244; x_wconf 87' lang='lat' dir='ltr'>sicque</span> <span class='ocrx_word' id='word_1_57' title='bbox 617 1163 817 1247; x_wconf 89' lang='lat' dir='ltr'>loquentem:</span> 
     </span>
    </p>

    <p class='ocr_par' dir='ltr' id='par_1_9' title="bbox 179 1247 1184 1329">
     <span class='ocr_line' id='line_1_10' title="bbox 179 1247 1184 1329; baseline 0.001 -18"><span class='ocrx_word' id='word_1_58' title='bbox 179 1251 208 1311; x_wconf 82' lang='lat'>6.</span> <span class='ocrx_word' id='word_1_59' title='bbox 232 1247 398 1326; x_wconf 82' lang='lat' dir='ltr'>Martinus,</span> <span class='ocrx_word' id='word_1_60' title='bbox 412 1247 552 1312; x_wconf 92' lang='lat' dir='ltr'>nondum</span> <span class='ocrx_word' id='word_1_61' title='bbox 568 1249 727 1329; x_wconf 87' lang='lat' dir='ltr'>baptismo</span> <span class='ocrx_word' id='word_1_62' title='bbox 743 1247 836 1326; x_wconf 85' lang='lat' dir='ltr'>lotus,</span> <span class='ocrx_word' id='word_1_63' title='bbox 852 1249 911 1314; x_wconf 89' lang='lat' dir='ltr'>hac</span> <span class='ocrx_word' id='word_1_64' title='bbox 927 1249 1184 1328; x_wconf 65' lang='lat' dir='ltr'>redamaverit,</span> 
     </span>
    </p>

    <p class='ocr_par' dir='ltr' id='par_1_10' title="bbox 180 1330 984 1414">
     <span class='ocr_line' id='line_1_11' title="bbox 180 1330 984 1414; baseline 0.005 -20"><span class='ocrx_word' id='word_1_65' title='bbox 180 1337 208 1394; x_wconf 82' lang='lat'>7.</span> <span class='ocrx_word' id='word_1_66' title='bbox 231 1335 291 1397; x_wconf 82' lang='lat' dir='ltr'>Ast</span> <span class='ocrx_word' id='word_1_67' title='bbox 305 1349 365 1414; x_wconf 84' lang='lat' dir='ltr'>ego</span> <span class='ocrx_word' id='word_1_68' title='bbox 380 1349 452 1396; x_wconf 89' lang='lat' dir='ltr'>eum</span> <span class='ocrx_word' id='word_1_69' title='bbox 466 1330 596 1397; x_wconf 81' lang='lat' dir='ltr'>induam</span> <span class='ocrx_word' id='word_1_70' title='bbox 612 1331 755 1397; x_wconf 90' lang='lat' dir='ltr'>vestibus</span> <span class='ocrx_word' id='word_1_71' title='bbox 770 1333 984 1398; x_wconf 88' lang='lat' dir='ltr'>iocunditatis.</span> 
     </span>
    </p>

    <p class='ocr_par' dir='ltr' id='par_1_11' title="bbox 179 1413 1468 1582">
     <span class='ocr_line' id='line_1_12' title="bbox 179 1413 1468 1500; baseline -0.002 -20"><span class='ocrx_word' id='word_1_72' title='bbox 179 1420 208 1480; x_wconf 86' lang='lat'>8.</span> <span class='ocrx_word' id='word_1_73' title='bbox 231 1416 292 1480; x_wconf 87' lang='lat' dir='ltr'>llic</span> <span class='ocrx_word' id='word_1_74' title='bbox 311 1421 515 1496; x_wconf 88' lang='lat' dir='ltr'>eomparatur</span> <span class='ocrx_word' id='word_1_75' title='bbox 535 1417 686 1499; x_wconf 87' lang='lat' dir='ltr'>apostolis</span> <span class='ocrx_word' id='word_1_76' title='bbox 707 1417 835 1496; x_wconf 87' lang='lat' dir='ltr'>sanctis,</span> <span class='ocrx_word' id='word_1_77' title='bbox 861 1419 916 1500; x_wconf 89' lang='lat' dir='ltr'>qui</span> <span class='ocrx_word' id='word_1_78' title='bbox 935 1417 1140 1482; x_wconf 89' lang='lat' dir='ltr'>merebantur</span> <span class='ocrx_word' id='word_1_79' title='bbox 1165 1414 1325 1480; x_wconf 92' lang='lat' dir='ltr'>dominum</span> <span class='ocrx_word' id='word_1_80' title='bbox 1351 1413 1468 1478; x_wconf 86' lang='lat' dir='ltr'>videre</span> 
     </span>
     <span class='ocr_line' id='line_1_13' title="bbox 307 1499 658 1582; baseline 0 -18"><span class='ocrx_word' id='word_1_81' title='bbox 307 1505 403 1581; x_wconf 89' lang='lat' dir='ltr'>atque</span> <span class='ocrx_word' id='word_1_82' title='bbox 418 1499 504 1582; x_wconf 93' lang='lat' dir='ltr'>loqui</span> <span class='ocrx_word' id='word_1_83' title='bbox 519 1517 590 1565; x_wconf 91' lang='lat' dir='ltr'>cum</span> <span class='ocrx_word' id='word_1_84' title='bbox 611 1517 658 1580; x_wconf 81' lang='lat' dir='ltr'>eo,</span> 
     </span>
    </p>

    <p class='ocr_par' dir='ltr' id='par_1_12' title="bbox 179 1583 1469 1733">
     <span class='ocr_line' id='line_1_14' title="bbox 179 1583 1469 1732; baseline -0.002 -85"><span class='ocrx_word' id='word_1_85' title='bbox 179 1587 208 1648; x_wconf 85' lang='lat'>9.</span> <span class='ocrx_word' id='word_1_86' title='bbox 232 1583 293 1660; x_wconf 82' lang='lat' dir='ltr'>Qui</span> <span class='ocrx_word' id='word_1_87' title='bbox 308 1583 413 1664; x_wconf 84' lang='lat' dir='ltr'>gratia</span> <span class='ocrx_word' id='word_1_88' title='bbox 426 1583 555 1732; x_wconf 59' lang='lat' dir='ltr'>litabitus</span> <span class='ocrx_word' id='word_1_89' title='bbox 570 1591 621 1650; x_wconf 90' lang='lat' dir='ltr'>est</span> <span class='ocrx_word' id='word_1_90' title='bbox 635 1584 760 1664; x_wconf 82' lang='lat' dir='ltr'>dignus,</span> <span class='ocrx_word' id='word_1_91' title='bbox 773 1591 810 1648; x_wconf 91' lang='lat' dir='ltr'>ut</span> <span class='ocrx_word' id='word_1_92' title='bbox 824 1588 965 1650; x_wconf 88' lang='lat' dir='ltr'>mortuos</span> <span class='ocrx_word' id='word_1_93' title='bbox 980 1589 1046 1650; x_wconf 87' lang='lat' dir='ltr'>tres</span> <span class='ocrx_word' id='word_1_94' title='bbox 1058 1583 1313 1650; x_wconf 85' lang='lat' dir='ltr'>resuscitavisset</span> <span class='ocrx_word' id='word_1_95' title='bbox 1323 1601 1382 1664; x_wconf 90' lang='lat' dir='ltr'>per</span> <span class='ocrx_word' id='word_1_96' title='bbox 1398 1583 1469 1646; x_wconf 85' lang='lat' dir='ltr'>rir-</span> 
     </span>
     <span class='ocr_line' id='line_1_15' title="bbox 308 1668 553 1733; baseline 0 -1"><span class='ocrx_word' id='word_1_97' title='bbox 308 1674 410 1732; x_wconf 87' lang='lat' dir='ltr'>tutem</span> <span class='ocrx_word' id='word_1_98' title='bbox 448 1668 553 1733; x_wconf 90' lang='lat' dir='ltr'>omini.</span> 
     </span>
    </p>

    <p class='ocr_par' dir='ltr' id='par_1_13' title="bbox 161 1694 1595 1832">
     <span class='ocr_line' id='line_1_16' title="bbox 161 1749 1117 1832; baseline 0.003 -18"><span class='ocrx_word' id='word_1_99' title='bbox 161 1756 208 1814; x_wconf 89' lang='lat'>10.</span> <span class='ocrx_word' id='word_1_100' title='bbox 232 1749 413 1830; x_wconf 84' lang='lat' dir='ltr'>Precamur‚</span> <span class='ocrx_word' id='word_1_101' title='bbox 430 1751 552 1817; x_wconf 78' lang='lat' dir='ltr'><strong>athleta</strong></span> <span class='ocrx_word' id='word_1_102' title='bbox 568 1751 637 1831; x_wconf 84' lang='lat' dir='ltr'>Dei,</span> <span class='ocrx_word' id='word_1_103' title='bbox 653 1753 706 1832; x_wconf 90' lang='lat' dir='ltr'>qui</span> <span class='ocrx_word' id='word_1_104' title='bbox 722 1751 830 1817; x_wconf 86' lang='lat' dir='ltr'>reddis</span> <span class='ocrx_word' id='word_1_105' title='bbox 844 1751 967 1818; x_wconf 87' lang='lat' dir='ltr'>animas</span> <span class='ocrx_word' id='word_1_106' title='bbox 983 1753 1117 1817; x_wconf 77' lang='lat' dir='ltr'><strong>mortuis</strong></span> 
     </span>
    </p>

    <p class='ocr_par' dir='ltr' id='par_1_14' title="bbox 160 1833 890 1918">
     <span class='ocr_line' id='line_1_17' title="bbox 160 1833 890 1918; baseline 0.003 -20"><span class='ocrx_word' id='word_1_107' title='bbox 160 1841 208 1899; x_wconf 94' lang='lat' dir='ltr'>ll.</span> <span class='ocrx_word' id='word_1_108' title='bbox 232 1833 274 1898; x_wconf 88' lang='lat' dir='ltr'>Et</span> <span class='ocrx_word' id='word_1_109' title='bbox 289 1837 481 1918; x_wconf 91' lang='lat' dir='ltr'>pauperibus</span> <span class='ocrx_word' id='word_1_110' title='bbox 495 1835 623 1900; x_wconf 88' lang='lat' dir='ltr'>adiutor</span> <span class='ocrx_word' id='word_1_111' title='bbox 638 1835 725 1901; x_wconf 82' lang='lat' dir='ltr'>luisti</span> <span class='ocrx_word' id='word_1_112' title='bbox 741 1837 890 1916; x_wconf 71' lang='lat' dir='ltr'>optimus</span> 
     </span>
    </p>

    <p class='ocr_par' dir='ltr' id='par_1_15' title="bbox 160 1916 986 1999">
     <span class='ocr_line' id='line_1_18' title="bbox 160 1916 986 1999; baseline 0.001 -17"><span class='ocrx_word' id='word_1_113' title='bbox 160 1923 208 1982; x_wconf 85' lang='lat'>12.</span> <span class='ocrx_word' id='word_1_114' title='bbox 230 1916 275 1984; x_wconf 85' lang='lat' dir='ltr'>Ut</span> <span class='ocrx_word' id='word_1_115' title='bbox 289 1922 425 1984; x_wconf 78' lang='lat' dir='ltr'>mentem</span> <span class='ocrx_word' id='word_1_116' title='bbox 440 1927 599 1985; x_wconf 87' lang='lat' dir='ltr'>mortuam</span> <span class='ocrx_word' id='word_1_117' title='bbox 615 1922 833 1986; x_wconf 84' lang='lat' dir='ltr'>accommodes</span> <span class='ocrx_word' id='word_1_118' title='bbox 850 1919 986 1999; x_wconf 83' lang='lat' dir='ltr'>Christo,</span> 
     </span>
    </p>

    <p class='ocr_par' dir='ltr' id='par_1_16' title="bbox 161 2001 1183 2084">
     <span class='ocr_line' id='line_1_19' title="bbox 161 2001 1183 2084; baseline 0.004 -18"><span class='ocrx_word' id='word_1_119' title='bbox 161 2007 208 2070; x_wconf 88' lang='lat'>13.</span> <span class='ocrx_word' id='word_1_120' title='bbox 232 2001 274 2066; x_wconf 84' lang='lat' dir='ltr'>Et</span> <span class='ocrx_word' id='word_1_121' title='bbox 289 2004 335 2068; x_wconf 92' lang='lat' dir='ltr'>sic</span> <span class='ocrx_word' id='word_1_122' title='bbox 350 2003 546 2070; x_wconf 82' lang='lat' dir='ltr'>incessanter</span> <span class='ocrx_word' id='word_1_123' title='bbox 561 2021 673 2068; x_wconf 89' lang='lat' dir='ltr'>canere</span> <span class='ocrx_word' id='word_1_124' title='bbox 687 2003 835 2070; x_wconf 90' lang='lat' dir='ltr'>laudibus</span> <span class='ocrx_word' id='word_1_125' title='bbox 852 2003 1006 2084; x_wconf 81' lang='lat' dir='ltr'>condigne</span> <span class='ocrx_word' id='word_1_126' title='bbox 1022 2003 1183 2070; x_wconf 84' lang='lat' dir='ltr'>valeamus</span> 
     </span>
    </p>

    <p class='ocr_par' dir='ltr' id='par_1_17' title="bbox 159 2085 882 2167">
     <span class='ocr_line' id='line_1_20' title="bbox 159 2085 882 2167; baseline 0.004 -18"><span class='ocrx_word' id='word_1_127' title='bbox 159 2091 208 2150; x_wconf 80' lang='lat'>14.</span> <span class='ocrx_word' id='word_1_128' title='bbox 231 2085 299 2150; x_wconf 86' lang='lat' dir='ltr'>Tuo</span> <span class='ocrx_word' id='word_1_129' title='bbox 315 2087 443 2164; x_wconf 80' lang='lat' dir='ltr'>nomini,</span> <span class='ocrx_word' id='word_1_130' title='bbox 458 2093 568 2152; x_wconf 90' lang='lat' dir='ltr'>sancte</span> <span class='ocrx_word' id='word_1_131' title='bbox 582 2087 745 2153; x_wconf 84' lang='lat' dir='ltr'>confessor</span> <span class='ocrx_word' id='word_1_132' title='bbox 758 2088 882 2167; x_wconf 81' lang='lat' dir='ltr'>eximie,</span> 
     </span>
    </p>

    <p class='ocr_par' dir='ltr' id='par_1_18' title="bbox 159 2170 978 2256">
     <span class='ocr_line' id='line_1_21' title="bbox 159 2170 978 2256; baseline 0.002 -23"><span class='ocrx_word' id='word_1_133' title='bbox 159 2174 206 2234; x_wconf 82' lang='lat'>15.</span> <span class='ocrx_word' id='word_1_134' title='bbox 229 2170 370 2251; x_wconf 88' lang='lat' dir='ltr'>Indeque</span> <span class='ocrx_word' id='word_1_135' title='bbox 385 2171 507 2238; x_wconf 89' lang='lat' dir='ltr'>dulcem</span> <span class='ocrx_word' id='word_1_136' title='bbox 522 2173 619 2236; x_wconf 84' lang='lat' dir='ltr'>vitam</span> <span class='ocrx_word' id='word_1_137' title='bbox 635 2172 793 2253; x_wconf 89' lang='lat' dir='ltr'>possimus</span> <span class='ocrx_word' id='word_1_138' title='bbox 808 2173 978 2256; x_wconf 88' lang='lat' dir='ltr'>percipere.</span> 
     </span>
    </p>

    <p class='ocr_par' dir='ltr' id='par_1_19' title="bbox 159 2253 719 2336">
     <span class='ocr_line' id='line_1_22' title="bbox 159 2253 719 2336; baseline 0.007 -20"><span class='ocrx_word' id='word_1_139' title='bbox 159 2258 206 2320; x_wconf 85' lang='grc'>16.</span> <span class='ocrx_word' id='word_1_140' title='bbox 229 2253 297 2319; x_wconf 90' lang='lat' dir='ltr'>Hoc</span> <span class='ocrx_word' id='word_1_141' title='bbox 311 2261 441 2336; x_wconf 88' lang='lat' dir='ltr'>praesta</span> <span class='ocrx_word' id='word_1_142' title='bbox 456 2255 556 2336; x_wconf 90' lang='lat' dir='ltr'>nobis,</span> <span class='ocrx_word' id='word_1_143' title='bbox 574 2255 719 2322; x_wconf 86' lang='lat' dir='ltr'>Martiae.</span> 
     </span>
    </p>
   </div>
   <div class='ocr_carea' id='block_1_5' title="bbox 155 2359 1464 2503">
    <p class='ocr_par' dir='ltr' id='par_1_20' title="bbox 155 2359 1464 2503">
     <span class='ocr_line' id='line_1_23' title="bbox 225 2359 1464 2432; baseline 0.002 -19"><span class='ocrx_word' id='word_1_144' title='bbox 225 2359 319 2416; x_wconf 80' lang='lat' dir='ltr'>Teat.</span> <span class='ocrx_word' id='word_1_145' title='bbox 356 2362 446 2418; x_wconf 86' lang='lat' dir='ltr'>Morel</span> <span class='ocrx_word' id='word_1_146' title='bbox 466 2364 518 2418; x_wconf 85' lang='lat' dir='ltr'>llo.</span> <span class='ocrx_word' id='word_1_147' title='bbox 537 2367 598 2419; x_wconf 80' lang='lat'>605.</span> <span class='ocrx_word' id='word_1_148' title='bbox 618 2363 645 2418; x_wconf 88' lang='lat' dir='ltr'>S.</span> <span class='ocrx_word' id='word_1_149' title='bbox 663 2365 717 2418; x_wconf 78' lang='lat'>287</span> <span class='ocrx_word' id='word_1_150' title='bbox 745 2379 813 2417; x_wconf 83' lang='lat' dir='ltr'>nuc:</span> <span class='ocrx_word' id='word_1_151' title='bbox 839 2362 893 2419; x_wconf 88' lang='lat' dir='ltr'>He.</span> <span class='ocrx_word' id='word_1_152' title='bbox 920 2380 957 2420; x_wconf 78' lang='lat' dir='ltr'>ru</span> <span class='ocrx_word' id='word_1_153' title='bbox 976 2363 1016 2419; x_wconf 77' lang='lat' dir='ltr'>St.</span> <span class='ocrx_word' id='word_1_154' title='bbox 1036 2363 1136 2420; x_wconf 77' lang='lat' dir='ltr'>Galles</span> <span class='ocrx_word' id='word_1_155' title='bbox 1156 2363 1210 2420; x_wconf 84' lang='lat' dir='ltr'>No.</span> <span class='ocrx_word' id='word_1_156' title='bbox 1229 2366 1282 2420; x_wconf 79' lang='lat'>646</span> <span class='ocrx_word' id='word_1_157' title='bbox 1309 2361 1464 2432; x_wconf 87' lang='lat' dir='ltr'>(Brauder)</span> 
     </span>
     <span class='ocr_line' id='line_1_24' title="bbox 155 2431 1016 2503; baseline 0.005 -17"><span class='ocrx_word' id='word_1_158' title='bbox 155 2431 207 2486; x_wconf 84' lang='lat' dir='ltr'>mit</span> <span class='ocrx_word' id='word_1_159' title='bbox 225 2431 285 2486; x_wconf 82' lang='lat' dir='ltr'>dem</span> <span class='ocrx_word' id='word_1_160' title='bbox 304 2431 391 2488; x_wconf 81' lang='lat' dir='ltr'>Titel:</span> <span class='ocrx_word' id='word_1_161' title='bbox 409 2433 558 2503; x_wconf 76' lang='lat' dir='ltr'>Sequentia</span> <span class='ocrx_word' id='word_1_162' title='bbox 576 2435 656 2503; x_wconf 66' lang='lat' dir='ltr'>oona</span> <span class='ocrx_word' id='word_1_163' title='bbox 675 2435 749 2490; x_wconf 90' lang='lat' dir='ltr'>tituli</span> <span class='ocrx_word' id='word_1_164' title='bbox 768 2437 901 2492; x_wconf 87' lang='lat' dir='ltr'>metensis</span> <span class='ocrx_word' id='word_1_165' title='bbox 918 2437 1016 2490; x_wconf 89' lang='lat' dir='ltr'>minor.</span> 
     </span>
    </p>
   </div>
   <div class='ocr_carea' id='block_1_6' title="bbox 711 2625 908 2636">
    <p class='ocr_par' dir='ltr' id='par_1_21' title="bbox 711 2625 908 2636">
     <span class='ocr_line' id='line_1_25' title="bbox 711 2625 908 2636; baseline 0 0"><span class='ocrx_word' id='word_1_166' title='bbox 711 2625 908 2636; x_wconf 53' lang='lat' dir='ltr'>nnn—*annan—</span> 
     </span>
    </p>
   </div>
   <div class='ocr_carea' id='block_1_7' title="bbox 612 2795 1003 2864">
    <p class='ocr_par' dir='ltr' id='par_1_22' title="bbox 612 2795 1003 2864">
     <span class='ocr_line' id='line_1_26' title="bbox 612 2795 1003 2864; baseline -0.005 -2"><span class='ocrx_word' id='word_1_167' title='bbox 612 2799 682 2862; x_wconf 83' lang='lat'>649.</span> <span class='ocrx_word' id='word_1_168' title='bbox 726 2795 779 2862; x_wconf 86' lang='lat' dir='ltr'>De</span> <span class='ocrx_word' id='word_1_169' title='bbox 799 2815 825 2862; x_wconf 87' lang='lat' dir='ltr'>s.</span> <span class='ocrx_word' id='word_1_170' title='bbox 848 2795 1003 2864; x_wconf 74' lang='lat' dir='ltr'>Martiae.</span> 
     </span>
    </p>
   </div>
   <div class='ocr_carea' id='block_1_8' title="bbox 154 2927 1454 3694">
    <p class='ocr_par' dir='ltr' id='par_1_23' title="bbox 158 2927 1229 3010">
     <span class='ocr_line' id='line_1_27' title="bbox 158 2927 1229 3010; baseline 0.015 -18"><span class='ocrx_word' id='word_1_171' title='bbox 158 2927 184 2992; x_wconf 91' lang='lat' dir='ltr'>i.</span> <span class='ocrx_word' id='word_1_172' title='bbox 210 2928 277 2994; x_wconf 82' lang='lat' dir='ltr'>Ave</span> <span class='ocrx_word' id='word_1_173' title='bbox 292 2943 415 2992; x_wconf 89' lang='lat' dir='ltr'>summe</span> <span class='ocrx_word' id='word_1_174' title='bbox 429 2927 602 3010; x_wconf 84' lang='lat' dir='ltr'>presulum,</span> <span class='ocrx_word' id='word_1_175' title='bbox 620 2929 680 3010; x_wconf 78' lang='lat' dir='ltr'>eja,</span> <span class='ocrx_word' id='word_1_176' title='bbox 882 2927 1041 2993; x_wconf 61' lang='lat' dir='ltr'>Mundam</span> <span class='ocrx_word' id='word_1_177' title='bbox 1056 2927 1229 3008; x_wconf 80' lang='lat' dir='ltr'>immunda,</span> 
     </span>
    </p>

    <p class='ocr_par' dir='ltr' id='par_1_24' title="bbox 212 3009 1168 3094">
     <span class='ocr_line' id='line_1_28' title="bbox 212 3009 1168 3094; baseline 0 -17"><span class='ocrx_word' id='word_1_178' title='bbox 212 3031 231 3077; x_wconf 94' lang='lat' dir='ltr'>o</span> <span class='ocrx_word' id='word_1_179' title='bbox 247 3009 367 3076; x_wconf 80' lang='lat' dir='ltr'>Christi</span> <span class='ocrx_word' id='word_1_180' title='bbox 381 3027 506 3092; x_wconf 82' lang='lat' dir='ltr'>gemma</span> <span class='ocrx_word' id='word_1_181' title='bbox 882 3012 997 3094; x_wconf 81' lang='lat' dir='ltr'>fugans</span> <span class='ocrx_word' id='word_1_182' title='bbox 1013 3011 1168 3092; x_wconf 85' lang='lat' dir='ltr'>demonia,</span> 
     </span>
    </p>

    <p class='ocr_par' dir='ltr' id='par_1_25' title="bbox 211 3095 1131 3177">
     <span class='ocr_line' id='line_1_29' title="bbox 211 3095 1131 3177; baseline 0 -17"><span class='ocrx_word' id='word_1_183' title='bbox 211 3095 333 3160; x_wconf 89' lang='lat' dir='ltr'>meritis</span> <span class='ocrx_word' id='word_1_184' title='bbox 349 3095 468 3177; x_wconf 89' lang='lat' dir='ltr'>inclyta</span> <span class='ocrx_word' id='word_1_185' title='bbox 882 3115 940 3162; x_wconf 91' lang='lat' dir='ltr'>nos</span> <span class='ocrx_word' id='word_1_186' title='bbox 955 3097 1006 3162; x_wconf 91' lang='lat' dir='ltr'>hic</span> <span class='ocrx_word' id='word_1_187' title='bbox 1021 3096 1131 3162; x_wconf 86' lang='lat' dir='ltr'>libero.</span> 
     </span>
    </p>

    <p class='ocr_par' dir='ltr' id='par_1_26' title="bbox 155 3179 1454 3355">
     <span class='ocr_line' id='line_1_30' title="bbox 212 3179 1454 3283; baseline 0.017 -31"><span class='ocrx_word' id='word_1_188' title='bbox 212 3179 330 3244; x_wconf 73' lang='lat' dir='ltr'>virtute</span> <span class='ocrx_word' id='word_1_189' title='bbox 346 3179 461 3277; x_wconf 65' lang='lat' dir='ltr'>lucida·</span> <span class='ocrx_word' id='word_1_190' title='bbox 827 3216 855 3276; x_wconf 84' lang='grc'>6.</span> <span class='ocrx_word' id='word_1_191' title='bbox 883 3205 944 3283; x_wconf 84' lang='lat' dir='ltr'>Qui</span> <span class='ocrx_word' id='word_1_192' title='bbox 958 3205 1131 3272; x_wconf 84' lang='lat' dir='ltr'>suscitator</span> <span class='ocrx_word' id='word_1_193' title='bbox 1144 3205 1243 3272; x_wconf 89' lang='lat' dir='ltr'>trium</span> <span class='ocrx_word' id='word_1_194' title='bbox 1254 3209 1454 3273; x_wconf 85' lang='lat' dir='ltr'>mortuorum</span> 
     </span>
     <span class='ocr_line' id='line_1_31' title="bbox 155 3263 1033 3355; baseline 0.016 -29"><span class='ocrx_word' id='word_1_195' title='bbox 155 3265 184 3326; x_wconf 86' lang='lat'>2.</span> <span class='ocrx_word' id='word_1_196' title='bbox 209 3264 276 3330; x_wconf 88' lang='lat' dir='ltr'>Nos</span> <span class='ocrx_word' id='word_1_197' title='bbox 290 3263 365 3328; x_wconf 88' lang='lat' dir='ltr'>andr</span> <span class='ocrx_word' id='word_1_198' title='bbox 380 3267 438 3330; x_wconf 89' lang='lat' dir='ltr'>tua</span> <span class='ocrx_word' id='word_1_199' title='bbox 455 3263 538 3329; x_wconf 87' lang='lat' dir='ltr'>festa</span> <span class='ocrx_word' id='word_1_200' title='bbox 926 3289 1033 3355; x_wconf 66' lang='lat' dir='ltr'>fueras</span> 
     </span>
    </p>

    <p class='ocr_par' dir='ltr' id='par_1_27' title="bbox 154 3340 1454 3582">
     <span class='ocr_line' id='line_1_32' title="bbox 212 3340 1376 3446; baseline 0.014 -24"><span class='ocrx_word' id='word_1_201' title='bbox 212 3347 472 3446; x_wconf 63' lang='lat' dir='ltr'>⁰01e11t0⁸l²¹1¹111{l</span> <span class='ocrx_word' id='word_1_202' title='bbox 880 3340 1096 3440; x_wconf 68' lang='lat' dir='ltr'>laxanost&#39;rae</span> <span class='ocrx_word' id='word_1_203' title='bbox 1111 3373 1376 3441; x_wconf 83' lang='lat' dir='ltr'>mentiosinoula.</span> 
     </span>
     <span class='ocr_line' id='line_1_33' title="bbox 154 3433 1454 3582; baseline 0.014 -78"><span class='ocrx_word' id='word_1_204' title='bbox 154 3516 183 3577; x_wconf 37' lang='lat'>3·</span> <span class='ocrx_word' id='word_1_205' title='bbox 209 3433 328 3581; x_wconf 56' lang='lat' dir='ltr'>ffilo</span> <span class='ocrx_word' id='word_1_206' title='bbox 345 3433 493 3582; x_wconf 38' lang='lat' dir='ltr'>cteelssbssoffi</span> <span class='ocrx_word' id='word_1_207' title='bbox 508 3533 549 3580; x_wconf 73' lang='lat' dir='ltr'>no</span> <span class='ocrx_word' id='word_1_208' title='bbox 568 3519 620 3579; x_wconf 59' lang='lat' dir='ltr'><strong>m</strong></span> <span class='ocrx_word' id='word_1_209' title='bbox 881 3457 942 3536; x_wconf 80' lang='lat' dir='ltr'>Qui</span> <span class='ocrx_word' id='word_1_210' title='bbox 961 3455 1092 3554; x_wconf 38' lang='lat' dir='ltr'>infirme·</span> <span class='ocrx_word' id='word_1_211' title='bbox 1105 3459 1173 3541; x_wconf 89' lang='lat' dir='ltr'>jam</span> <span class='ocrx_word' id='word_1_212' title='bbox 1196 3458 1315 3526; x_wconf 91' lang='lat' dir='ltr'>curasti</span> <span class='ocrx_word' id='word_1_213' title='bbox 1341 3475 1454 3541; x_wconf 92' lang='lat' dir='ltr'>corpo-</span> 
     </span>
    </p>

    <p class='ocr_par' dir='ltr' id='par_1_28' title="bbox 210 3533 1391 3694">
     <span class='ocr_line' id='line_1_34' title="bbox 314 3533 1157 3624; baseline 0.034 -44"><span class='ocrx_word' id='word_1_214' title='bbox 314 3533 358 3597; x_wconf 92' lang='lat' dir='ltr'>pa</span> <span class='ocrx_word' id='word_1_215' title='bbox 409 3535 453 3595; x_wconf 80' lang='lat' dir='ltr'>‚v</span> <span class='ocrx_word' id='word_1_216' title='bbox 551 3533 567 3582; x_wconf 75' lang='grc'><strong>8</strong></span> <span class='ocrx_word' id='word_1_217' title='bbox 924 3560 995 3606; x_wconf 87' lang='lat' dir='ltr'>rum</span> <span class='ocrx_word' id='word_1_218' title='bbox 1012 3542 1157 3624; x_wconf 87' lang='lat' dir='ltr'>plurrma‚</span> 
     </span>
     <span class='ocr_line' id='line_1_35' title="bbox 210 3600 1391 3694; baseline 0.014 -19"><span class='ocrx_word' id='word_1_219' title='bbox 210 3605 243 3666; x_wconf 72' lang='lat' dir='ltr'>te</span> <span class='ocrx_word' id='word_1_220' title='bbox 257 3605 366 3666; x_wconf 68' lang='lat' dir='ltr'>cantat</span> <span class='ocrx_word' id='word_1_221' title='bbox 381 3600 476 3665; x_wconf 70' lang='lat' dir='ltr'>laude</span> <span class='ocrx_word' id='word_1_222' title='bbox 491 3616 616 3665; x_wconf 45' lang='lat'><strong>8⁰⁰⁰&amp;</strong></span> <span class='ocrx_word' id='word_1_223' title='bbox 881 3643 961 3691; x_wconf 89' lang='lat' dir='ltr'>sana</span> <span class='ocrx_word' id='word_1_224' title='bbox 974 3632 1105 3694; x_wconf 88' lang='lat' dir='ltr'>nostrae</span> <span class='ocrx_word' id='word_1_225' title='bbox 1119 3627 1234 3694; x_wconf 91' lang='lat' dir='ltr'>mentis</span> <span class='ocrx_word' id='word_1_226' title='bbox 1250 3627 1391 3692; x_wconf 87' lang='lat' dir='ltr'>vulnera.</span> 
     </span>
    </p>
   </div>
   <div class='ocr_carea' id='block_1_9' title="bbox 208 3683 1453 3901">
    <p class='ocr_par' dir='ltr' id='par_1_29' title="bbox 208 3683 1453 3901">
     <span class='ocr_line' id='line_1_36' title="bbox 209 3683 1409 3766; baseline -0.019 -18"><span class='ocrx_word' id='word_1_227' title='bbox 209 3683 258 3748; x_wconf 90' lang='lat' dir='ltr'>Tu</span> <span class='ocrx_word' id='word_1_228' title='bbox 274 3701 331 3766; x_wconf 91' lang='lat' dir='ltr'>pro</span> <span class='ocrx_word' id='word_1_229' title='bbox 346 3683 447 3764; x_wconf 89' lang='lat' dir='ltr'>nobis,</span> <span class='ocrx_word' id='word_1_230' title='bbox 462 3701 535 3764; x_wconf 91' lang='lat' dir='ltr'>spes</span> <span class='ocrx_word' id='word_1_231' title='bbox 551 3686 668 3762; x_wconf 83' lang='lat' dir='ltr'>nostra,</span> <span class='ocrx_word' id='word_1_232' title='bbox 932 3735 938 3748; x_wconf 87' lang='grc'>,</span> <span class='ocrx_word' id='word_1_233' title='bbox 1023 3734 1030 3748; x_wconf 81' lang='grc'><em>,</em></span> <span class='ocrx_word' id='word_1_234' title='bbox 1234 3747 1237 3758; x_wconf 89' lang='lat'><strong>.</strong></span> <span class='ocrx_word' id='word_1_235' title='bbox 1276 3739 1279 3748; x_wconf 32' lang='grc' dir='ltr'>Ι</span> <span class='ocrx_word' id='word_1_236' title='bbox 1402 3736 1409 3749; x_wconf 42' lang='lat'><strong>·</strong></span> 
     </span>
     <span class='ocr_line' id='line_1_37' title="bbox 208 3733 1453 3901; baseline -0.018 -69"><span class='ocrx_word' id='word_1_237' title='bbox 208 3766 357 3850; x_wconf 78' lang='lat' dir='ltr'>Martine,</span> <span class='ocrx_word' id='word_1_238' title='bbox 374 3767 434 3834; x_wconf 92' lang='lat' dir='ltr'>deo</span> <span class='ocrx_word' id='word_1_239' title='bbox 449 3767 603 3852; x_wconf 88' lang='lat' dir='ltr'>supplica.</span> <span class='ocrx_word' id='word_1_240' title='bbox 826 3739 854 3799; x_wconf 76' lang='lat'>⁷·</span> <span class='ocrx_word' id='word_1_241' title='bbox 879 3733 1117 3901; x_wconf 54' lang='lat' dir='ltr'>Qussgffitum</span> <span class='ocrx_word' id='word_1_242' title='bbox 1133 3739 1190 3800; x_wconf 66' lang='lat' dir='ltr'>illst</span> <span class='ocrx_word' id='word_1_243' title='bbox 1241 3765 1244 3770; x_wconf 75' lang='grc'>’</span> <span class='ocrx_word' id='word_1_244' title='bbox 1295 3735 1453 3803; x_wconf 71' lang='lat' dir='ltr'>chlamlde</span> 
     </span>
    </p>
   </div>
   <div class='ocr_carea' id='block_1_10' title="bbox 152 3849 1140 4066">
    <p class='ocr_par' dir='ltr' id='par_1_30' title="bbox 152 3849 1140 4066">
     <span class='ocr_line' id='line_1_38' title="bbox 152 3849 1140 4066; baseline 0.001 -66"><span class='ocrx_word' id='word_1_245' title='bbox 152 3851 182 3929; x_wconf 40' lang='lat'>4¹</span> <span class='ocrx_word' id='word_1_246' title='bbox 208 3849 369 4002; x_wconf 50' lang='lat' dir='ltr'>{gtfflaet</span> <span class='ocrx_word' id='word_1_247' title='bbox 382 3935 512 4017; x_wconf 86' lang='lat' dir='ltr'>Europa</span> <span class='ocrx_word' id='word_1_248' title='bbox 755 3897 757 3902; x_wconf 23' lang='grc' dir='ltr'>Ι</span> <span class='ocrx_word' id='word_1_249' title='bbox 880 3901 1140 4066; x_wconf 43' lang='lat' dir='ltr'>ffinsseffiffi</span> 
     </span>
    </p>
   </div>
   <div class='ocr_carea' id='block_1_11' title="bbox 207 4018 1452 4136">
    <p class='ocr_par' dir='ltr' id='par_1_31' title="bbox 207 4018 1452 4185">
     <span class='ocr_line' id='line_1_39' title="bbox 207 4018 1452 4136; baseline 0.031 29"><span class='ocrx_word' id='word_1_250' title='bbox 207 4018 646 4102; x_wconf 75' lang='lat'>¹¹</span> <span class='ocrx_word' id='word_1_251' title='bbox 1414 4075 1452 4136; x_wconf 67' lang='lat' dir='ltr'>u</span> 
     </span>
    </p>
   </div>
   <div class='ocr_carea' id='block_1_12' title="bbox 152 4185 1296 4774">
    <p class='ocr_par' dir='ltr' id='par_1_32' title="bbox 208 4185 1056 4269">
     <span class='ocr_line' id='line_1_40' title="bbox 208 4185 1056 4269; baseline 0.002 -19"><span class='ocrx_word' id='word_1_252' title='bbox 208 4185 253 4252; x_wconf 91' lang='lat' dir='ltr'>Te</span> <span class='ocrx_word' id='word_1_253' title='bbox 269 4185 383 4269; x_wconf 78' lang='lat' dir='ltr'>Gallia,</span> <span class='ocrx_word' id='word_1_254' title='bbox 944 4239 950 4252; x_wconf 93' lang='lat'><em>.</em></span> <span class='ocrx_word' id='word_1_255' title='bbox 1050 4239 1056 4252; x_wconf 93' lang='lat'>.</span> 
     </span>
    </p>

    <p class='ocr_par' dir='ltr' id='par_1_33' title="bbox 208 4237 1098 4352">
     <span class='ocr_line' id='line_1_41' title="bbox 208 4237 1098 4352; baseline -0.001 -16"><span class='ocrx_word' id='word_1_256' title='bbox 208 4277 241 4336; x_wconf 94' lang='lat' dir='ltr'>te</span> <span class='ocrx_word' id='word_1_257' title='bbox 256 4276 380 4352; x_wconf 87' lang='lat' dir='ltr'>patrem</span> <span class='ocrx_word' id='word_1_258' title='bbox 395 4271 531 4336; x_wconf 88' lang='lat' dir='ltr'>Francia</span> <span class='ocrx_word' id='word_1_259' title='bbox 878 4237 969 4336; x_wconf 65' lang='lat' dir='ltr'>¹¹⁰bl⁸</span> <span class='ocrx_word' id='word_1_260' title='bbox 985 4237 1098 4335; x_wconf 54' lang='lat' dir='ltr'><strong>(lebna.</strong></span> 
     </span>
    </p>

    <p class='ocr_par' dir='ltr' id='par_1_34' title="bbox 208 4320 1130 4435">
     <span class='ocr_line' id='line_1_42' title="bbox 208 4320 1130 4435; baseline 0.001 -16"><span class='ocrx_word' id='word_1_261' title='bbox 208 4359 265 4419; x_wconf 89' lang='lat' dir='ltr'>tua</span> <span class='ocrx_word' id='word_1_262' title='bbox 280 4355 415 4435; x_wconf 85' lang='lat' dir='ltr'>supplex</span> <span class='ocrx_word' id='word_1_263' title='bbox 432 4371 470 4418; x_wconf 92' lang='lat' dir='ltr'>ac</span> <span class='ocrx_word' id='word_1_264' title='bbox 484 4354 588 4420; x_wconf 87' lang='lat' dir='ltr'>Frisia</span> <span class='ocrx_word' id='word_1_265' title='bbox 880 4320 998 4387; x_wconf 56' lang='grc' dir='ltr'>ΟΜ</span> <span class='ocrx_word' id='word_1_266' title='bbox 1015 4328 1130 4404; x_wconf 57' lang='lat' dir='ltr'><strong>grana·</strong></span> 
     </span>
    </p>

    <p class='ocr_par' dir='ltr' id='par_1_35' title="bbox 152 4435 1283 4604">
     <span class='ocr_line' id='line_1_43' title="bbox 207 4435 1283 4504; baseline 0.002 -2"><span class='ocrx_word' id='word_1_267' title='bbox 207 4439 283 4503; x_wconf 89' lang='lat' dir='ltr'>colit</span> <span class='ocrx_word' id='word_1_268' title='bbox 297 4443 330 4503; x_wconf 88' lang='lat' dir='ltr'>te</span> <span class='ocrx_word' id='word_1_269' title='bbox 343 4437 406 4503; x_wconf 88' lang='lat' dir='ltr'>fide</span> <span class='ocrx_word' id='word_1_270' title='bbox 421 4437 587 4504; x_wconf 85' lang='lat' dir='ltr'>catholice.</span> <span class='ocrx_word' id='word_1_271' title='bbox 822 4443 852 4502; x_wconf 83' lang='grc'>8.</span> <span class='ocrx_word' id='word_1_272' title='bbox 877 4437 963 4504; x_wconf 89' lang='lat' dir='ltr'>Laus</span> <span class='ocrx_word' id='word_1_273' title='bbox 980 4443 1035 4503; x_wconf 88' lang='lat' dir='ltr'>tua</span> <span class='ocrx_word' id='word_1_274' title='bbox 1051 4435 1197 4504; x_wconf 87' lang='lat' dir='ltr'>Christus</span> <span class='ocrx_word' id='word_1_275' title='bbox 1213 4443 1283 4504; x_wconf 85' lang='lat' dir='ltr'>erut</span> 
     </span>
     <span class='ocr_line' id='line_1_44' title="bbox 152 4518 1056 4604; baseline 0.002 -18"><span class='ocrx_word' id='word_1_276' title='bbox 152 4518 180 4578; x_wconf 85' lang='lat'>5·</span> <span class='ocrx_word' id='word_1_277' title='bbox 208 4521 297 4587; x_wconf 83' lang='lat' dir='ltr'>(lacis</span> <span class='ocrx_word' id='word_1_278' title='bbox 311 4522 369 4587; x_wconf 87' lang='lat' dir='ltr'>das</span> <span class='ocrx_word' id='word_1_279' title='bbox 385 4522 510 4587; x_wconf 84' lang='lat' dir='ltr'>reniam</span> <span class='ocrx_word' id='word_1_280' title='bbox 877 4539 970 4604; x_wconf 89' lang='lat' dir='ltr'>quem</span> <span class='ocrx_word' id='word_1_281' title='bbox 987 4529 1056 4588; x_wconf 88' lang='lat' dir='ltr'>tota</span> 
     </span>
    </p>

    <p class='ocr_par' dir='ltr' id='par_1_36' title="bbox 206 4607 1282 4688">
     <span class='ocr_line' id='line_1_45' title="bbox 206 4607 1282 4688; baseline 0.001 -18"><span class='ocrx_word' id='word_1_282' title='bbox 206 4607 364 4688; x_wconf 88' lang='lat' dir='ltr'>mutisque</span> <span class='ocrx_word' id='word_1_283' title='bbox 379 4607 555 4687; x_wconf 89' lang='lat' dir='ltr'>loquelam:</span> <span class='ocrx_word' id='word_1_284' title='bbox 878 4623 1004 4688; x_wconf 86' lang='lat' dir='ltr'>semper</span> <span class='ocrx_word' id='word_1_285' title='bbox 1019 4611 1125 4672; x_wconf 91' lang='lat' dir='ltr'>mente</span> <span class='ocrx_word' id='word_1_286' title='bbox 1141 4607 1282 4674; x_wconf 87' lang='lat' dir='ltr'>colebas:</span> 
     </span>
    </p>

    <p class='ocr_par' dir='ltr' id='par_1_37' title="bbox 206 4689 1296 4774">
     <span class='ocr_line' id='line_1_46' title="bbox 206 4689 1296 4774; baseline 0.002 -20"><span class='ocrx_word' id='word_1_287' title='bbox 206 4696 242 4754; x_wconf 89' lang='lat' dir='ltr'>tu</span> <span class='ocrx_word' id='word_1_288' title='bbox 258 4707 315 4756; x_wconf 91' lang='lat' dir='ltr'>nos</span> <span class='ocrx_word' id='word_1_289' title='bbox 331 4689 456 4772; x_wconf 86' lang='lat' dir='ltr'>adjuva.</span> <span class='ocrx_word' id='word_1_290' title='bbox 876 4690 1296 4774; x_wconf 85' lang='lat' dir='ltr'>huucpronobisimplora,</span> 
     </span>
    </p>
   </div>
   <div class='ocr_carea' id='block_1_13' title="bbox 925 4153 1028 4220">
    <p class='ocr_par' dir='ltr' id='par_1_38' title="bbox 925 4153 1028 4220">
     <span class='ocr_line' id='line_1_47' title="bbox 925 4153 1028 4220; baseline -0.039 0"><span class='ocrx_word' id='word_1_291' title='bbox 925 4153 1028 4220; x_wconf 85' lang='lat' dir='ltr'>solvat</span> 
     </span>
    </p>
   </div>
   <div class='ocr_carea' id='block_1_14' title="bbox 0 0 1622 5246">
    <p class='ocr_par' dir='ltr' id='par_1_39' title="bbox 0 0 1622 5246">
     <span class='ocr_line' id='line_1_48' title="bbox 0 0 1622 5246; baseline 0 1"><span class='ocrx_word' id='word_1_292' title='bbox 0 0 1622 5246; x_wconf 95' lang='lat' dir='ltr'> </span> 
     </span>
    </p>
   </div>
  </div>
 </body>
</html>
