3266 5222
674 383 952 508 ¹-ceo--y

543 586 614 648 322.
663 583 716 650 De
744 584 837 654 ceola
863 585 978 656 Marso
1005 587 1138 670 cirpine.

188 725 214 783 1.
241 715 342 782 Stella
357 717 461 814 moris,
478 715 624 799 oMuriu,
860 729 889 789 3.
915 721 965 789 Ad
980 729 1021 805 te,
1037 724 1100 806 pio,
1115 723 1320 806 suspiramus,

240 800 363 883 Expers
378 819 463 883 pons
478 819 594 882 parens
609 803 671 886 pio,
915 805 949 872 Si
964 825 1027 873 non
1045 808 1144 886 ducis,
1161 808 1333 888 deviamus

242 884 372 950 Plebem
387 890 475 950 tuum
490 885 630 968 respice:
914 890 1000 971 Ergo
1016 892 1103 970 doce,
1119 892 1196 972 quid
1210 909 1355 973 agemus,

240 968 505 1050 vicomporcans,
521 969 724 1052 vitoeportu,
913 973 993 1040 Post
1006 973 1090 1040 hunc
1103 973 1197 1042 finem
1211 985 1248 1042 ut
1261 978 1405 1042 vivamus

240 1051 307 1118 Nos
324 1057 525 1201 supportans,
541 1071 599 1118 uos
614 1054 761 1122 conforto
914 1057 993 1123 Cum
1008 1060 1128 1126 sanctis
1144 1059 1335 1143 perenuiter.

239 1135 370 1218 Nosque
399 1142 485 1204 ortes
501 1135 598 1204 effice.
858 1145 887 1206 4.
913 1142 1010 1207 Ihesu
1025 1141 1161 1223 Christe,
1176 1143 1222 1210 fili
1237 1144 1307 1223 Dei,

912 1225 994 1292 Toto
1009 1225 1096 1292 salus
1111 1231 1241 1294 nostroe
1256 1229 1335 1310 spei,

185 1307 213 1368 2.
240 1301 393 1385 OMario,
409 1306 626 1384 stellomcris,
914 1308 1001 1376 Tuae
1015 1311 1128 1376 macris
1142 1313 1323 1378 interventu

239 1387 288 1453 Tu
305 1407 363 1454 nos
378 1407 501 1472 semper
515 1391 647 1472 tuearis,
912 1394 1108 1475 Angelorum
1124 1413 1182 1460 nos
1198 1401 1350 1462 concentu

239 1471 289 1537 En
305 1473 345 1537 ad
360 1479 393 1538 te
410 1473 619 1556 confugimus.
912 1475 977 1542 Foc
992 1479 1133 1559 gaudere
1146 1479 1274 1560 iugiter.

255 1581 350 1636 Text.
386 1581 471 1638 Mons
489 1582 541 1638 No.
561 1584 614 1638 523
633 1583 669 1650 (2,
687 1583 759 1646 317.)
779 1597 847 1637 auo:
865 1581 918 1638 He.
938 1583 1139 1641 deoSemr‘naro
1157 1587 1310 1654 rufo-ient,
1329 1591 1373 1642 11.
1383 1587 1485 1642 Jourlr.

183 1653 235 1708 mit
262 1653 312 1708 der
337 1651 469 1708 Melodic.
506 1684 540 1693 —
576 1651 634 1708 scr.
652 1658 668 1706 1
688 1653 760 1708 steht
779 1654 852 1708 auch
869 1654 922 1710 No.
942 1658 1009 1725 8213
1037 1661 1108 1712 3-4
1134 1659 1229 1714 mehor
1256 1659 1328 1714 cuch
1351 1659 1403 1715 No.
1423 1663 1484 1715 279.

183 1723 223 1781 Sc.
242 1727 285 1778 14.
304 1754 338 1766 -
356 1725 458 1780 Daniel
476 1725 510 1794 V,
532 1727 591 1780 134.
610 1725 660 1780 cot
679 1725 732 1780 den
750 1722 821 1780 Text
840 1742 892 1780 arcs
910 1726 1003 1783 Mone.

539 1995 611 2056 323.
654 1988 707 2055 Dc
733 1987 824 2059 boola
849 1990 964 2058 Maria
988 1990 1119 2073 virpr'ne.

206 2128 232 2188 1.
252 2125 333 2189 Ave
354 2123 479 2188 maris
502 2123 625 2189 stella
858 2128 904 2190 13.
923 2123 1103 2190 Monstro
1130 2129 1170 2190 te
1192 2143 1279 2191 esse
1302 2132 1484 2208 matrem,

252 2207 405 2273 Nostrum
419 2225 474 2273 cor
487 2207 616 2274 irradio.
924 2209 1022 2274 Place
1038 2209 1283 2290 doumpolrem,

202 2293 231 2354 2.
250 2291 324 2356 Dei
345 2295 472 2356 mater
497 2292 609 2372 almo,
858 2297 905 2357 14.
925 2293 1065 2358 Sumat
1086 2311 1154 2374 per
1175 2299 1214 2359 te
1235 2310 1405 2376 precem,

249 2375 359 2458 Ipsum
374 2375 466 2441 nobis
480 2376 583 2457 placo.
926 2375 970 2443 Ut
984 2376 1110 2442 auferat
1123 2393 1242 2443 necem.

202 2463 231 2524 3.
251 2462 382 2542 Atque
405 2477 560 2543 semper
582 2459 696 2540 virgo
857 2465 905 2524 15.
923 2459 998 2538 Qui
1019 2480 1091 2544 pro
1113 2460 1229 2528 nobis
1254 2468 1381 2543 notus,

250 2543 318 2610 Tuo
334 2545 456 2626 stringe
473 2545 558 2628 iugo.
924 2545 1076 2610 Pellendo
1091 2551 1212 2626 rectus,

201 2630 230 2691 4.
250 2627 365 2695 Felix
386 2629 491 2694 coeli
514 2633 641 2712 ports,
857 2630 904 2694 16.
923 2629 1037 2695 Tulit
1059 2647 1149 2696 csse
1169 2634 1273 2705 tuus,

249 2711 319 2779 Illic
334 2732 392 2780 nos
406 2715 535 2796 adopto.
924 2714 1054 2796 Semper
1068 2732 1202 2780 monens
1217 2715 1304 2780 deus.

201 2795 230 2860 5.
250 2795 416 2864 Sumens
437 2797 545 2864 illud
567 2813 647 2877 cve,
856 2799 903 2860 17.
920 2797 1043 2879 Virgo
1066 2797 1307 2878 singularis,

248 2879 595 2963 Iooundumetsucve,
924 2881 1031 2947 Mater
1045 2881 1224 2961 salvatoris,

202 2967 231 3030 6.
251 2965 462 3032 Gabrielis
489 2985 566 3047 ore,
856 2965 904 3032 18.
922 2967 1037 3032 Inter
1058 2984 1195 3032 omnes
1217 2964 1338 3044 mitis,

251 3048 329 3115 Cum
345 3068 469 3116 summo
487 3051 616 3130 honore,
923 3049 1101 3116 Fructuosa
1116 3050 1201 3130 vicis,

202 3131 231 3194 7.
250 3133 394 3200 Funde
416 3153 488 3200 nos
509 3135 547 3199 in
569 3153 667 3217 pace
855 3133 903 3196 19.
922 3134 1001 3200 Nos
1023 3133 1160 3216 culpis
1183 3131 1350 3213 solutos,

148 3277 152 3284 .
250 3218 320 3284 Tua
334 3223 446 3284 sancto
463 3237 569 3302 prece,
922 3217 992 3282 Tua
1005 3234 1098 3299 prece
1114 3217 1226 3282 ductos

201 3303 230 3368 8.
250 3303 413 3370 Mutuus
435 3322 574 3369 nomen
594 3302 710 3383 Evae,
853 3297 1047 3366 rumices
1069 3299 1134 3366 lac
1156 3302 1349 3366 elecctos

249 3385 294 3453 Ut
309 3387 450 3453 dicamus
465 3406 531 3454 eve.
920 3383 1213 3466 Tibiquedevotos.

201 3476 230 3536 9.
249 3472 368 3539 Solve
390 3471 523 3538 vinclo
545 3471 632 3551 reis,
852 3465 902 3532 21.
922 3467 1054 3534 Vitam
1076 3485 1174 3550 paru
1195 3483 1343 3548 puram,

249 3555 491 3638 culpesloxons
509 3555 566 3634 eis,
921 3551 989 3616 Deo
1004 3551 1202 3634 placituram,

183 3645 231 3706 10.
249 3637 392 3704 Profer
413 3640 547 3704 lumen
568 3639 714 3718 coecis,
852 3633 1008 3701 22.1ter
1028 3653 1125 3717 poro
1146 3641 1289 3713 tutum,

246 3723 566 3801 Materveruelucis,
920 3720 1066 3800 Rectum,
1080 3719 1294 3800 impollutum,

180 3813 227 3872 11.
245 3805 351 3874 Mula
372 3809 519 3872 nostru
544 3805 662 3889 pelle,
851 3799 900 3867 23.
919 3801 971 3869 Ut
993 3803 1176 3869 videntes
1198 3801 1328 3868 Iesum

246 3889 341 3956 Omni
355 3907 468 3955 carens
482 3889 565 3970 felle,
919 3887 1147 3969 Placatumque
1165 3887 1288 3952 laesum

180 3978 227 4040 12.
247 3972 364 4039 Bono
385 3979 529 4039 cuncto
550 3989 683 4056 posce,
850 3968 900 4034 24.
920 3971 1086 4054 Semper
1108 3971 1388 4046 collaetemur,

243 4057 532 4140 Delictisignosce.
919 4055 1028 4138 Ipsum
1043 4073 1239 4122 veneremur.

246 4183 271 4222 n.
289 4165 384 4223 Teuc.
422 4167 508 4223 Mons
526 4166 578 4224 No.
597 4169 650 4223 437
669 4167 704 4236 (2,
723 4166 795 4235 218.)
815 4181 881 4220 auo:
899 4163 1093 4220 Reielrenaucr
1110 4163 1163 4219 Hc.
1182 4163 1234 4218 No.
1250 4164 1294 4217 36.
1312 4158 1360 4214 Bl.
1379 4161 1439 4214 110.

245 4255 271 4312 b.
292 4253 475 4311 Lesarterr.
512 4259 537 4325 4,
555 4259 581 4311 2.
600 4255 691 4310 bercer
709 4251 836 4323 adporto.
854 4251 946 4308 Mune.
966 4281 1000 4292 ·-
1019 4256 1062 4322 23,
1081 4256 1107 4306 2.
1125 4252 1229 4308 hesum
1246 4249 1299 4304 Hs.

247 4359 270 4398 c.
288 4339 445 4396 Bemerlc.
482 4341 539 4396 Die
565 4347 691 4412 properrt
715 4339 883 4412 pedruclcten
908 4345 1001 4394 croton
1017 4338 1114 4394 Zeszro
1136 4337 1217 4407 jeder
1235 4337 1356 4406 Strophe
1384 4333 1477 4389 bilder

174 4413 228 4469 den
245 4411 392 4484 Hymnus:
410 4414 471 4468 Ars
489 4413 572 4466 moris
592 4412 682 4468 stelle.
710 4441 745 4454 -
773 4411 835 4466 Der
852 4410 984 4482 Hymnus
1010 4413 1049 4466 ist
1066 4411 1206 4464 stbmscm
1230 4410 1274 4464 bei
1292 4408 1436 4465 Schlosser
1453 4405 1476 4474 1,

173 4483 202 4540 S.
221 4487 282 4539 119.
319 4483 396 4540 Bone
414 4481 469 4537 Nr.
488 4485 549 4538 328.
585 4481 721 4540 Kehrein:
741 4481 965 4550 Kirclrenliedcr,
983 4485 1009 4536 3.
1028 4479 1084 4536 Bu.
1108 4478 1268 4552 Wolrsburp
1286 4483 1365 4536 1863.
1384 4477 1412 4532 S.
1432 4479 1475 4532 61.

175 4572 242 4613 arcs:
261 4553 395 4613 Teutoche
412 4554 617 4625 Ercuopcls'sclre
636 4552 756 4610 Messon.
779 4553 840 4610 Von
857 4553 894 4609 R.
913 4553 1099 4625 Ediropr'us.
1136 4550 1215 4609 Collo
1233 4555 1313 4608 1583.
1331 4555 1357 4606 8.
